2250 3736
520 253 611 295 uruca
632 255 674 295 vr.
1004 237 1060 294 169

135 350 287 433 tenedum,
309 378 343 414 ne
361 369 424 414 ante
443 371 547 430 partam
569 362 606 415 rei
627 361 749 414 militaris
769 361 879 413 laudem
897 362 1058 430 amitterent,

143 430 278 482 Ostrssime
296 441 446 500 pugnantes
465 433 645 484 conciderunt.
681 432 801 483 Militum
821 448 888 499 para,
903 431 997 483 horum
1009 432 1059 482 vir·

133 491 193 543 tute
216 500 338 553 submotis
355 501 484 565 hostibus,
498 511 601 568 praeter
615 518 692 569 spem
711 501 853 553 incolumis
864 501 891 552 in
903 511 990 553 castra
1001 516 1060 569 per·

131 565 226 637 Venit,
242 587 301 638 pars
312 588 329 621 a
341 570 462 622 barbaris
474 567 657 622 circumventa
670 570 755 637 periit.

165 635 216 689 41.
233 639 364 707 Germani,
378 639 519 707 desperata
531 640 725 707 expugnatione
743 647 897 708 castrorum,
911 638 981 707 quod
1000 655 1059 690 nos·

128 696 189 751 “08
210 706 260 775 jam
272 709 422 761 constitisse
435 709 461 760 in
476 708 668 760 munitionibus
682 707 815 777 videbant,
829 725 938 760 cumea
951 708 1058 776 praeda,

125 774 220 827 ‘luam
235 777 260 829 in
280 778 354 829 silvis
372 778 558 846 deposuerant,
579 787 651 828 trans
669 777 792 829 Rhenum
813 793 873 828 sese
892 785 1058 845 receperunt.

124 831 172 886 AG
200 853 284 898 tantus
304 847 353 899 fuit
373 848 456 899 etiam
475 856 534 916 post
554 847 705 899 discessum
731 846 847 899 hostium
868 854 956 913 terror,
977 854 1006 897 ut
1026 863 1060 897 ea

122 912 222 982 ⁰001e,
240 933 324 984 quum
343 916 372 968 C.
392 917 543 969 Volusenus
567 915 667 967 missus
691 933 755 968 cum
775 915 896 984 equitatu
918 914 952 967 ad
972 924 1060 966 castra

121 979 259 1053 Venisset,
273 986 355 1037 fidem
376 989 427 1037 non
447 985 565 1053 faceret,¹
577 985 674 1036 adesse
694 1002 756 1037 cum
777 984 903 1037 incolumi
917 985 1060 1037 Caesarem

120 1050 263 1106 exercitu.
310 1055 354 1107 Sic
378 1056 498 1106 omnium
521 1055 624 1106 animos
647 1054 726 1106 timor
749 1062 996 1123 praeoccupaverat,
1021 1062 1058 1122 ut,

119 1117 220 1173 Paene
231 1124 346 1175 alienata
360 1126 469 1192 mente,⁹
483 1123 583 1175 deletis
594 1123 720 1175 omnibus
739 1124 823 1191 copiis
841 1124 990 1191 equitatum
1002 1131 1060 1175 tan-

118 1180 196 1241 tum
215 1209 243 1243 se
263 1211 297 1245 ex
310 1194 373 1260 luga
387 1193 520 1261 recepisse
533 1194 660 1260 dicerent,
676 1210 770 1261 neque,
785 1193 910 1244 incolumi
924 1192 1062 1261 exercitu,¹

135 1267 280 1323 ‚ermanos
303 1273 390 1314 castra
409 1274 605 1330 oppugnaturos
629 1261 712 1314 luisse
735 1263 934 1314 contenderent.
971 1261 1061 1318 Quem

119 1318 258 1382 tlrnorem
270 1333 391 1384 Caesaris
403 1334 535 1383 adventus
548 1332 661 1384 sustulit.

163 1400 212 1450 42.
230 1400 363 1453 Reversus
381 1401 434 1470 ille,
449 1402 571 1452 eventus⁴
582 1401 646 1453 belli
665 1417 717 1452 non
738 1400 868 1469 ignorans,
883 1417 974 1468 unum,
989 1399 1060 1467 quod

117 1459 254 1538 cohortes
267 1487 300 1522 ex
313 1471 427 1522 statione
447 1479 473 1522 et
493 1471 625 1538 praesidio
645 1480 735 1522 essent
754 1470 879 1538 emissae,
893 1479 1011 1538 questus,
1025 1485 1060 1520 ue

118 1537 246 1590 mmimo
257 1539 370 1608 quidem
382 1544 457 1592 casu⁵
469 1540 556 1592 locum
571 1540 683 1608 relinqui
702 1539 838 1606 debuisse,
852 1540 967 1591 multum
980 1537 1060 1590 sortu-

119 1605 201 1678 nam
212 1610 236 1658 in
250 1610 387 1677 repentino
403 1610 520 1662 hostium
532 1609 650 1661 adventu
664 1612 781 1677 potuisse
799 1608 929 1678 judicavit
938 1609 955 1676 3⁰
975 1607 1060 1659 multo

119 1673 219 1728 otram
229 1678 353 1747 amplius,
367 1679 437 1746 quod
451 1696 536 1748 paene
556 1678 590 1730 ab
609 1679 666 1747 ipso
680 1678 748 1729 vallo
766 1679 901 1747 portisque
914 1686 1060 1730 castrorum

121 1725 258 1797 barbaros
271 1749 421 1800 avertisset.
459 1749 577 1806 Quarum
590 1747 711 1799 omnium
730 1764 819 1799 rerum
838 1747 955 1800 maxime
974 1746 1060 1798 admi·

122 1811 246 1867 randum
266 1817 416 1886 videbatur,
438 1818 507 1885 quod
529 1817 666 1884 Germani,
687 1816 734 1884 qui
754 1833 785 1867 eo
806 1817 914 1869 consilio
936 1817 1061 1869 Rhenum

123 1874 300 1955 transierant,
326 1895 355 1938 ut
378 1886 542 1954 Ambiorigis
565 1887 633 1938 fines
656 1885 888 2007 depopularentur,
914 1885 948 1937 ad
973 1894 1061 1937 castra

151 1959 313 2010 Omanorum
326 1955 416 2025 delati,
429 1957 626 2025 optatissimum
638 1959 690 2007 Am

712 1955 787 2023 iorigi
805 1954 968 2008 beneficium
986 1955 1061 2007 obtu-

124 2002 223 2074 lerint.
877 2045 884 2051 ·

170 2091 213 2140 43·
231 2093 336 2162 Caesar,
359 2109 449 2146 rursus
473 2093 507 2146 ad
528 2093 665 2145 vexandos
689 2093 779 2145 hostes
799 2094 941 2163 profectus,
964 2108 1061 2160 magno

125 2156 227 2226 e032010
246 2165 367 2217 numer0⁷
387 2181 422 2220 ex
440 2163 561 2216 finitimis
581 2162 740 2230 civitatibus,
754 2164 780 2215 in
800 2180 895 2216 omnes
914 2171 1003 2231 partes
1022 2161 1061 2213 di·

125 2223 225 2282 11uttit.
261 2234 363 2285 Omnes
376 2232 429 2284 vici
440 2241 520 2300 atque
533 2233 621 2283 omnia
634 2231 765 2301 aedificia,
780 2249 848 2301 quae
869 2233 980 2300 quisque
999 2247 1061 2282 con·

123 2293 264 2367 ⁸Pererar,
273 2302 496 2354 incendebantur:
512 2301 611 2369 praeda
627 2318 662 2354 ex
680 2302 803 2354 omnibus
822 2301 889 2357 locis
907 2299 1063 2367 agebaturz⁸

158 2383 264 2446 'Fidem
274 2402 349 2447 alicui
352 2402 442 2460 fucere,
458 2406 498 2447 ‘to
509 2401 581 2447 rnalre
593 2417 607 2448 a
617 2416 704 2459 person
716 2401 826 2448 believe.’

152 2453 167 2481 ¹
180 2464 297 2519 Alienum
307 2482 391 2528 mente,
407 2472 512 2533 ‘having
523 2474 610 2521 almost
623 2473 670 2520 lost
682 2473 745 2520 their
755 2472 858 2521 senses.’

114 2523 165 2622 ω’
177 2531 298 2611 Incolumi
309 2547 410 2592 exercitu
422 2545 442 2612 is
454 2545 495 2593 the
507 2546 612 2593 ablative
624 2546 745 2602 absolute,
759 2545 804 2594 and
817 2546 861 2593 has
876 2544 919 2595 the
930 2545 994 2592 force
1008 2542 1037 2592 of
1048 2559 1063 2592 a

150 2591 282 2651 ndltronal
293 2604 389 2652 clause:
410 2604 446 2651 ‘rs
458 2605 499 2652 the
511 2621 579 2664 army
590 2604 637 2652 had
649 2607 711 2652 been
722 2605 889 2664 unimpairedss

106 2653 174 2765 ⁰0:¹1
200 2685 292 2739 uectus
304 2677 325 2723 is
337 2677 385 2744 the¹
392 2678 529 2725 accusative
541 2677 758 2738 plural-namely‚
775 2679 831 2726 ‘the
842 2677 939 2725 various
955 2675 1002 2724 and
1018 2691 1062 2725 un·

178 2740 227 2782 am
239 2735 345 2783 chauces
357 2737 381 2782 ol
392 2737 459 2783 war.’

139 2784 155 2812 ⁸
173 2797 250 2855 Casu
261 2808 282 2855 is
295 2823 325 2854 an
336 2808 432 2855 ancient
441 2808 502 2856 form
511 2809 540 2855 of
548 2808 588 2856 the
600 2809 681 2856 dative
693 2809 787 2856 instead
796 2809 824 2856 os
830 2826 904 2859 casua.
928 2809 975 2856 See
984 2809 1016 2857 vi.
1024 2810 1064 2856 44.

96 2857 314 2967 ,jonudicauit
348 2879 411 2927 This
427 2881 509 2928 clause
521 2882 631 2950 contains
647 2882 688 2928 the
701 2883 875 2950 circumstance
888 2898 913 2929 or
925 2882 1063 2953 considera·

188 2933 230 2991 bv
241 2939 320 2986 which
334 2938 425 2986 Caesar
436 2939 549 2987 consoled
562 2940 706 2988 himsellfor
715 2941 756 2988 the
766 2942 848 3000 thrngs
860 2942 887 2988 of
895 2941 975 2989 which
986 2956 1011 2988 rn
1022 2940 1064 2987 the

92 2973 267 3072 prffsseding
278 2999 361 3045 clause
374 2998 403 3044 he
416 2999 575 3056 complained·

86 3085 136 3144 ha
173 3062 272 3119 Coacro
288 3089 397 3128 numam
415 3072 508 3119 instead
521 3072 549 3119 of
561 3072 609 3120 this
626 3073 730 3120 ablativa
748 3073 867 3129 absolute,
883 3072 975 3121 Caesar
985 3071 1063 3132 might
1096 3125 1099 3130 ,

119 3117 270 3236 {gtuped
282 3130 324 3177 the
336 3131 472 3178 accusative
481 3140 583 3179 coactum
593 3149 723 3188 numerum,
734 3132 871 3191 dependent
882 3148 945 3191 upon
955 3132 995 3179 the
1005 3132 1064 3179 verb

193 3219 200 3226 ⁴
217 3207 226 3235 2
238 3226 243 3236 .

86 3233 272 3346 bsodgere,
286 3262 359 3331 ythan
376 3262 436 3309 used
452 3263 477 3309 in
492 3265 635 3330 connection
646 3263 707 3332 with
722 3265 806 3323 booty,
820 3264 937 3312 indicates
953 3262 1006 3310 that
1023 3263 1064 3310 the

170 3317 214 3377 ty
225 3333 330 3427 clgnsrsts
341 3321 369 3368 os
381 3321 464 3376 cattle,
478 3321 558 3370 vvhrch
569 3323 722 3435 aret‘drrven
732 3325 818 3385 away!
