2250 3736
472 268 563 307 nmen
583 267 635 306 vn.
909 318 913 327 .
953 250 1013 308 215

87 376 158 448 viiel,
184 376 261 430 milia
283 393 389 441 xxxv.;
419 393 511 445 parem
542 392 684 429 numerum
714 376 850 445 Arvernis,
881 376 1015 446 adjunctis

89 446 247 501 Eleutheris
265 446 400 514 cadurcis,
413 446 532 512 Gabalis,
545 446 681 512 Velaunis,
695 446 741 513 qui
764 445 814 498 sub
835 447 946 515 imperio
966 449 1014 499 Ar-

90 533 233 568 vernorum
250 533 311 568 esse
330 525 489 568 consuerunt
497 533 505 583 3
523 515 679 583 Senonibus
693 515 830 584 Sequanis,
845 515 1014 584 Biturigibus,

90 586 222 652 Santonis,
241 586 361 653 Rutenis,
375 585 535 638 Carnutibus
553 586 677 637 duodena
696 584 770 636 milia
780 601 786 652 3
805 585 955 637 Bellovacis
973 603 998 640 x.
1008 600 1015 654 3

91 655 203 708 totidem
217 655 421 722 Lemovicibus3
439 665 533 706 octona
552 653 705 708 Pictonibus
723 662 750 705 et
768 655 881 706 Turonis
900 663 926 706 et
946 656 1016 707 Pari·

91 725 141 777 siis
152 734 179 776 et
191 725 295 776 Helviis
302 741 309 793 3
328 724 521 793 suessionibus,
531 724 681 792 Ambianis,
694 723 913 792 Mediomatricis,
928 724 1016 776 Petro·

92 795 178 862 coriis,
198 795 313 863 Nerviis,
333 794 453 862 Morinis,
472 793 667 861 Nitiobrigibus
685 793 767 861 quina
784 793 858 845 milia
867 810 875 862 3
893 792 1018 846 Aulercis

92 864 254 916 Cenomanis
272 864 381 915 totidem
391 880 398 931 3
423 862 598 916 Atrebatibus
616 879 673 930 1v.3
698 861 864 931 Bellocassis,
884 863 1016 932 Lexoviis,

92 933 218 986 Aulercis
241 933 410 986 Eburonibus
433 941 523 1000 terna3
552 932 680 985 Rauracis
703 941 729 984 et
753 930 824 983 Boiis
847 949 929 1000 m.3
960 932 1016 984 uni·

92 1003 180 1054 versis
200 1002 359 1071 civitatibus,
380 1019 449 1071 quae
470 1002 609 1054 Oceanum
628 1001 761 1068 attingunt
781 1018 903 1070 quaeque
924 1018 1016 1054 eorum

92 1072 287 1124 consuetudine
307 1073 461 1124 Armoricae
484 1071 658 1139 appellantur,
680 1071 744 1139 (quo
770 1079 831 1122 sunt
854 1071 880 1122 in
906 1088 1017 1123 numero

93 1141 273 1210 Coriosolites,
298 1141 448 1210 Rhedoues,
471 1141 618 1210 Ambibari,
644 1141 758 1207 Caletes,
783 1139 898 1209 Osismii,
921 1141 1015 1192 Lemo·

92 1210 175 1279 vices,
186 1211 289 1279 Veneti,
303 1210 404 1280 Unelli)
417 1228 473 1263 sex.
510 1211 551 1263 Ex
563 1211 605 1262 his
622 1209 757 1262 Bellovaci
776 1226 855 1261 suum
873 1226 1017 1262 numerum
1081 1211 1086 1220 '

92 1296 146 1332 non
159 1280 333 1348 contulerunt,
347 1280 417 1347 quod
430 1297 460 1332 se
473 1297 521 1332 suo
539 1280 646 1332 nomine
664 1289 744 1347 atque
763 1278 869 1330 arbitrio
887 1296 949 1330 cum
968 1280 1016 1332 Ro·

93 1349 181 1401 manis
203 1349 304 1401 bellum
329 1358 451 1416 gesturos
474 1348 600 1416 dicerent,
619 1365 708 1416 neque
727 1347 886 1417 cujusquam
905 1348 1017 1416 imperio

93 1418 337 1486 obtemperaturos:
352 1420 440 1486 ¹rogati
460 1429 551 1471 tamen
568 1419 603 1470 ab
621 1416 750 1487 Commio,
765 1433 809 1486 pro
828 1416 887 1486 ejus
904 1416 1024 1487 hospitio·

93 1487 158 1540 bina
170 1487 243 1539 milia
256 1489 394 1540 miserunt.

130 1562 173 1608 76.
192 1557 278 1626 Hujus
302 1574 382 1625 opera
402 1556 526 1625 Commii,
548 1555 584 1607 ita
605 1563 634 1608 ut
657 1563 737 1608 antea
757 1554 1016 1624 demonstravimus,¹

93 1626 168 1678 fideli
188 1633 268 1695 atque
289 1627 348 1678 utili
368 1626 548 1694 superioribus
571 1625 649 1677 annis
673 1633 728 1676 erat
750 1642 814 1676 usus
833 1625 860 1676 in
882 1623 1017 1677 Britannia

94 1696 208 1747 Caesar:
228 1695 325 1773 quibus
337 1695 382 1747 ille
394 1712 440 1763 pro
452 1695 555 1747 meritis
566 1695 703 1746 civitatem
717 1693 776 1762 ejus
788 1694 938 1746 immunem
956 1710 1017 1746 esse

97 1763 215 1834 'usserat,
236 1782 295 1833 Jura
316 1765 443 1832 legesque
465 1763 616 1816 reddiderat
636 1773 716 1832 atque
737 1763 787 1831 ipsi
806 1764 926 1815 Morinos
945 1763 1017 1815 attri-

93 1781 197 1887 buerat.
234 1835 320 1886 Tanta
329 1843 419 1886 tamen
432 1835 573 1885 universae
582 1833 685 1885 Galliae
698 1833 835 1884 consensio
849 1831 897 1885 suit
911 1831 1017 1885 liberta·

95 1904 130 1955 tis
140 1903 315 1955 vindicandae
324 1913 351 1954 et
360 1903 487 1971 pristinae
500 1902 563 1954 belli
576 1902 663 1953 laudis
677 1901 873 1969 recuperandae
891 1910 920 1953 ut
930 1918 1017 1970 neque

94 1972 242 2040 beneficiis,
261 1990 349 2040 neque
363 1972 498 2024 amicitiae
511 1970 641 2023 memoria
658 1980 843 2024 moverentur:
870 1987 1017 2038 omnesque

94 2051 121 2093 et
134 2043 224 2093 animo
237 2050 263 2093 et
275 2042 370 2109 opibus
383 2041 407 2092 in
422 2040 447 2092 id
461 2040 563 2093 bellum
577 2039 769 2107 incumberent,
784 2039 883 2092 coactis
895 2041 1018 2108 equitum

94 2128 157 2163 vm.
176 2110 285 2163 milibus
302 2119 328 2162 et
347 2109 468 2178 peditum
487 2111 591 2161 circiter
610 2126 686 2162 coxn.
724 2109 842 2160 Haecin
861 2108 1018 2162 Aeduorum

93 2179 194 2233 finibus
213 2179 421 2232 recensebantur
440 2195 621 2247 numerusque
646 2177 785 2230 inibatur:⁹
804 2177 933 2246 praelecti
956 2195 1016 2230 con-

94 2249 286 2302 stituebantur:
313 2249 434 2300 Commio
457 2249 586 2316 Atrebati,
611 2248 769 2299 Virdumaro
792 2257 819 2299 et
844 2247 1015 2315 Eporedirigi,

94 2317 206 2385 Aeduis,
232 2318 433 2385 Vergasillauno
456 2319 583 2387 Arverno,
609 2316 765 2369 consobrino
785 2316 1016 2383 Vercingetorigis,

94 2404 202 2439 summa
226 2387 331 2455 imperii
356 2386 474 2438 traditur.
522 2386 571 2437 His
594 2384 692 2437 delecti
715 2401 748 2436 ex
772 2385 923 2438 civitatibus
945 2385 1017 2437 attri-

94 2456 219 2525 buuntur,
243 2473 358 2524 quorum
381 2455 489 2506 consilio
513 2454 615 2507 bellum
637 2454 884 2507 administraretur.⁸
918 2455 1018 2507 Omnes

93 2525 198 2577 alacres
217 2533 243 2577 et
263 2525 378 2577 fiduciae
398 2523 470 2592 pleni
490 2524 524 2575 ad
544 2523 663 2576 Alesiam
685 2524 901 2592 proficiscuntur:
928 2540 1018 2592 neque

94 2602 151 2647 erat
163 2594 283 2645 omnium
297 2594 448 2662 quisquam,
462 2593 507 2660 qui
519 2592 678 2660 adspectum
697 2592 776 2644 modo
790 2601 879 2645 tantae
898 2593 1018 2646 multitu-

93 2663 164 2715 dinis
177 2663 308 2715 sustinere
321 2679 399 2731 posse
411 2662 583 2714 arbitraretur
590 2677 598 2730 3
610 2661 767 2730 praesertim
779 2662 889 2731 ancipiti
900 2662 1017 2732 proelio,⁴

124 2846 132 2873 ¹
142 2844 262 2902 Compare
274 2843 305 2892 iv.
315 2847 352 2892 21.

123 2916 308 3022 'Nuperusqae
327 2919 434 2966 inibatur
440 2934 452 2974 ,·
484 2917 590 2977 namely‚
613 2934 709 2964 eornm.-
741 2915 818 2963 ‘their
843 2917 946 2964 number
966 2928 1018 2963 vves

93 2987 207 3024 counte.

123 3047 373 3103 'Administroretom
386 3047 428 3094 the
440 3047 564 3105 imperfect
575 3046 596 3094 is
607 3045 676 3101 used,
686 3047 789 3092 because
801 3043 842 3090 the
855 3043 951 3104 leading
959 3044 1019 3091 verb

93 3109 262 3155 attribuantur
272 3106 293 3152 is
305 3121 335 3152 an
346 3106 468 3153 historical
479 3115 586 3164 present,
600 3104 694 3152 instead
705 3103 733 3151 of
745 3119 759 3150 a
769 3101 869 3161 perfect.

124 3181 235 3283 ‘Anceps
244 3180 360 3258 proelium
370 3179 391 3226 is
402 3189 443 3225 not
457 3183 485 3225 ‘s
495 3177 606 3226 doubtful
622 3176 717 3231 battle‚’
731 3191 757 3222 as
768 3173 846 3229 usual,
860 3175 904 3221 but
918 3178 924 3200 ‘
933 3189 947 3220 s
957 3181 1013 3241 two

94 3236 252 3344 {rrt,l)3nbp,rltdei,n
264 3236 433 3344 ppetilrreresipuls
445 3252 509 3284 were
525 3247 551 3285 to
568 3235 651 3284 attsck
666 3235 708 3282 the
725 3234 834 3282 Romans
850 3233 910 3280 both
920 3247 946 3280 m
956 3230 1020 3280 then
