2250 3736
490 121 582 163 mauu
602 121 631 162 v.
977 103 1035 163 123

62 272 64 279 .
152 227 307 297 prisiliani.
344 231 484 301 Equestris
502 241 594 284 autern
606 229 698 301 proelii
712 231 778 284 ratio
790 239 818 285 et
829 228 989 284 cedentibus
1007 239 1034 282 et

62 294 64 305 '
150 301 311 364 insequentibus
329 317 376 370 per
392 309 474 370 atque
493 300 566 353 idem
592 301 741 370 periculum
762 300 902 354 inserebat.
947 301 1033 352 Acce·

148 355 205 418 debit
223 368 274 436 huc,
294 379 323 423 ut
348 386 485 438 nunquam
504 369 623 437 conferti,
642 370 690 422 sed
710 370 759 422 rari
778 370 936 438 magnisque
954 370 1033 421 iriter·

147 431 201 508 vallis
215 440 395 507 proeliarentur
414 441 596 508 stationesque
620 439 762 508 dispositas
786 439 933 507 haberent,¹
951 448 1033 507 atque

143 497 192 580 tilios
206 508 241 561 ilii
259 509 387 578 deinceps
407 509 561 578 exciperent
581 509 730 578 integrique
750 517 778 562 et
797 518 919 561 recentes
938 507 1034 560 delati-

141 579 192 632 Ulla
201 579 372 631 succederent.

169 647 198 695 ll.
213 647 313 700 Postero
331 647 376 700 die
396 647 484 716 procul
504 663 522 698 a
540 647 635 699 castris
654 650 743 700 hostes
762 647 788 700 iii
807 647 921 700 collibus
939 646 1033 698 consti·

138 708 205 766 stertit
219 719 319 786 rarique
339 734 369 770 se
393 716 533 769 ostendere
552 725 580 769 et
599 717 692 787 lenius,
714 734 796 786 quam
820 717 911 786 pridie,
932 725 1034 768 nostros

136 784 217 846 equites
235 787 334 855 proelio
367 786 499 838 lacessere
523 795 676 854 coeperunt.
722 787 774 839 Sed
804 786 923 854 meridie,
949 802 1034 854 quum

135 840 211 905 cteser
229 856 374 925 pabulandi
399 872 481 908 causa
504 863 559 908 tres
582 855 701 923 legiones
723 864 804 925 atqua
827 872 936 908 omnem
960 854 1034 976 erppi·

134 915 200 976 latum
214 942 273 979 cum
291 927 322 978 C.
335 925 467 978 Trebonio
487 924 512 976 le
548 934 574 976 to
592 925 717 995 misisset,
732 933 841 995 repente
859 942 893 977 ex
911 925 982 976 omni
1002 940 1035 976 us

131 991 227 1060 Pjtrtibus
243 995 277 1047 ad
296 995 467 1064 pabulatores
491 1012 508 1046 a
529 994 689 1063 volaverunt,
709 995 755 1062 sic,
775 996 812 1047 uti
837 993 873 1046 ab
896 994 979 1062 signis
997 993 1033 1045 le·

129 1061 293 1168 ponitusque
309 1081 362 1117 non
380 1063 549 1117 absisterent.
585 1064 683 1133 Nostri,
703 1065 798 1116 acriter
817 1064 844 1116 iii
864 1081 911 1116 eos
931 1065 1034 1131 impetit

140 1135 192 1200 dcto,
204 1134 352 1203 repulerunt
370 1149 459 1202 neque
476 1133 558 1186 finem
578 1133 708 1202 sequendi
722 1134 851 1199 fecerunt,
864 1132 953 1202 quoad
971 1131 1033 1184 sub·

128 1192 184 1274 ⁸!dio
198 1203 286 1256 conlisi
311 1203 424 1272 equites,
443 1218 527 1272 quum
551 1211 610 1272 post
628 1219 657 1255 se
675 1202 794 1270 legiones
812 1203 939 1270 viderent,
959 1217 1034 1270 prae·

127 1271 206 1329 ⁰¹pites
221 1272 311 1325 hostes
328 1280 456 1340 egerunt:
476 1288 626 1342 magnoque
645 1289 738 1325 eorum
755 1289 866 1325 numero
885 1271 1032 1340 interiecto,

125 1338 200 1404 leque
216 1343 255 1394 sui
274 1341 426 1409 colligendi,
440 1357 528 1409 neque
546 1342 708 1394 consistendi
724 1350 771 1394 out
790 1358 824 1393 ex
843 1342 946 1394 essedis
963 1339 1033 1392 desi·

123 1389 194 1461 lieridi
215 1411 370 1463 facultatem
394 1410 534 1463 dederunt.
580 1412 631 1464 Ex'
653 1411 704 1463 hac
728 1411 792 1479 luga
814 1413 941 1480 protinus,
963 1425 1034 1477 quae

122 1474 227 1548 undique
250 1489 437 1549 convenerant,
461 1480 561 1532 auxilia
584 1480 780 1532 discesserunt:
811 1496 899 1548 ireque
922 1486 982 1547 post
1006 1477 1034 1530 id

116 1538 217 1658 τῗῐιιριιε
235 1567 365 1618 uinquam
383 1549 497 1602 suminis
515 1549 655 1602 nobiscum
672 1550 764 1620 copiis‘
781 1549 874 1602 hostes
891 1547 1034 1601 contende·

146 1627 184 1667 nl.

151 1688 190 1738 18.
207 1689 310 1758 Caesar,
324 1687 430 1756 cognito
447 1687 556 1740 consilio
574 1704 675 1758 eorum,
689 1688 722 1741 ad
742 1689 842 1741 flumen
861 1688 988 1740 Tamesin
1006 1688 1034 1740 iii

112 1737 181 1821 ἤμεε
198 1758 388 1810 Cassivellauni
409 1758 558 1811 exercituin
576 1758 667 1826 duxit3
692 1758 762 1828 quod
783 1758 886 1810 flumen
906 1775 958 1810 uno
977 1774 1022 1810 om

110 1821 176 1872 ιιιῐιο
187 1824 239 1879 loco
252 1827 374 1896 pedibus,
387 1835 468 1894 atque
481 1826 532 1879 hoo
543 1844 631 1896 aegre,
646 1827 751 1880 transiri
762 1830 868 1896 potest.⁶
898 1828 937 1880 Eo
949 1843 1034 1895 quum

111 1892 234 1966 venisset,
246 1897 368 1949 animum
381 1895 502 1965 advertit,
515 1897 550 1949 ad
562 1897 674 1949 alteram
687 1897 805 1949 fluminis
818 1896 903 1965 ripam
922 1913 1035 1964 magnas

109 1961 176 2012 ⁰⁸⁸⁸
191 1967 277 2035 copias
295 1966 412 2018 hostium
426 1966 581 2018 instructas:
602 1967 658 2035 ripa
675 1974 768 2019 autem
786 1976 842 2018 erat
860 1968 946 2018 acutis
963 1965 1034 2018 sudi·
1099 1990 1101 1994 >

109 2011 169 2079 lus
184 2035 303 2101 praefixis
322 2035 434 2104 munita,
448 2034 627 2104 ejusdemque
646 2036 752 2102 generis
771 2035 821 2087 sub
840 2051 909 2103 aqua
928 2035 1034 2086 defixae

108 2094 193 2175 ⁸¹¹‘l8s
203 2105 312 2158 flumine
325 2103 492 2172 tegebantur.
528 2105 577 2156 His
595 2104 675 2157 rebus
693 2105 805 2172 cognitis
816 2121 832 2155 a
844 2104 960 2172 captivis
976 2119 1034 2172 per-

107 2150 240 2244 fugaque,
253 2175 360 2243 Caesar,
374 2173 521 2242 praemisso
533 2174 661 2242 equitatu,
675 2174 817 2226 confestim
835 2171 955 2240 legiones
972 2171 1035 2224 sub-

106 2235 188 2301 ’θῖὓί
197 2242 283 2313 jussit.
313 2243 365 2296 Sed
379 2259 412 2295 ea
423 2243 560 2295 celeritate
573 2251 654 2312 atque
667 2260 699 2294 eo
713 2244 813 2312 impetu
826 2243 927 2295 milites
938 2242 1032 2310 ierunt,

107 2338 1034 2376 X———ffl

100 2407 146 2507 ω’
157 2413 292 2494 Rispesitos
303 2427 426 2482 luberent5
444 2425 496 2472 that
512 2425 542 2482 is,
555 2425 675 2473 stationed
686 2423 833 2473 indifferent
849 2424 931 2484 places
947 2425 994 2473 end
1009 2433 1034 2474 at

132 2477 200 2531 “Qu
210 2485 334 2533 mtervals.

112 2549 144 2655 n:
154 2555 211 2618 The
221 2573 295 2639 siguo
305 2569 353 2618 and
364 2572 469 2633 legiones
481 2586 522 2619 arc
533 2571 591 2618 here
602 2570 644 2618 the
652 2571 746 2678 legions
755 2571 815 2619 with
827 2570 889 2619 their
896 2570 1032 2639 standarda,

93 2626 193 2716 ,¹⁸de
203 2645 235 2688 up
247 2645 272 2676 in
282 2630 464 2735 regularorder,
474 2646 501 2678 as
512 2630 619 2698 opposed
630 2639 674 2679 tot
692 2646 706 2679 e
717 2630 839 2679 soattered
847 2630 944 2690 cavalry
953 2629 1035 2678 which

161 2695 230 2740 gone
241 2703 299 2736 ona
318 2704 419 2767 orpging
429 2704 566 2737 excursion.

89 2750 197 2858 ,ἦιξα
215 2774 333 2844 aignifies,
355 2775 394 2823 ‘iri
415 2791 584 2844 consequence
605 2775 653 2833 ol;'
677 2776 754 2847 hence
772 2775 833 2833 also,
853 2774 1035 2837 ‘immediately

147 2831 190 2880 'i’
204 2834 284 2882 which
295 2850 316 2882 is
327 2834 385 2882 here
396 2834 485 2895 clearly
496 2834 617 2883 indicated
629 2837 661 2895 by
669 2845 789 2897 protinas.

90 2894 261 2999 §.Samii
279 2921 352 2982 copiis
369 2921 391 2968 is
409 2920 451 2968 the
470 2936 537 2968 sanie
556 2936 584 2968 as
602 2923 707 2969 omneis
722 2921 794 2983 copiis
806 2921 907 2969 crocini
922 2921 1032 2977 evercitu,

135 2967 190 3022 “h
201 2978 232 3026 all
242 2979 305 3027 their
316 2978 411 3027 forces!
444 2979 492 3026 See
503 2979 543 3028 vii.
555 2983 593 3027 41.

91 3042 217 3158 eolnTh⁶
234 3066 400 3137 place-where
417 3066 509 3115 Caesar
524 3067 571 3116 aud
589 3067 627 3116 his
646 3083 715 3128 army
726 3066 809 3116 sorded
827 3067 868 3115 tlis
885 3065 996 3116 Thimea
1015 3083 1035 3116 is

93 3145 134 3206 pn
148 3124 705 3245 fflffilllgsslgssififlssssebgsalhg‘'plevilsmkffl'
718 3141 775 3174 riser
788 3124 916 3181 Octulani,
929 3125 978 3174 aud
992 3135 1035 3176 not
