2250 3736
484 273 575 311 arama
595 273 616 310 1.
971 255 1011 314 35

120 377 218 443 populum
242 381 392 433 Romanum
420 381 547 448 studium,
572 398 707 433 summam
731 381 758 431 in
782 397 811 432 se
834 378 1008 450 noluntatem,

54 506 56 511 Ι
120 447 224 520 egregiam
236 449 325 518 tidem,
338 449 476 518 justitiam,
492 452 695 518 temperantiam
709 459 881 517 cognoverat,
900 467 963 501 narn
976 467 1010 502 ne

119 527 165 590 elus
174 518 286 586 supplicio
296 520 421 570 Divitiaci
429 519 551 570 animum
563 519 719 586 offenderet,
731 520 880 571 verebatur.
916 519 1010 587 Itaque

119 596 179 652 pnes,
187 603 257 654 quam
266 589 413 656 quicquam
423 599 569 656 conaretur,
580 589 742 640 Divitiacum
754 588 788 640 ad
799 605 827 639 se
838 589 925 639 vocari
934 589 1010 656 jubet

119 656 286 728 etquoridtanis
296 658 487 725 interpretibus
500 658 607 708 remotis
616 674 662 724 per
671 658 700 709 C.
710 656 846 709 Valerium
859 657 1008 726 Procillum,

118 724 241 791 puncipem¹
253 727 357 779 Galliae
370 726 529 794 provinciae,
543 726 703 778 familiarem
717 743 802 793 suurn,
817 727 861 777 cui
874 744 1011 780 summam

117 791 207 846 omnium
230 813 318 848 rerum
339 795 432 847 fidene
451 795 575 864 habebat,
596 813 659 847 cum
680 810 712 846 eo
732 795 904 863 colloquitur:
929 796 1011 848 simul

117 864 299 935 commonefacit,
319 881 390 932 quae
409 865 466 933 ipso
486 874 627 933 praesente
648 865 675 917 in
691 865 802 917 concilio
823 865 959 917 Gallorum
976 864 1010 916 dc

116 923 247 1000 Dumnorige
260 935 313 986 sint
331 933 411 1000 dicta,
426 941 452 984 et
464 934 586 1002 ostendit,
601 951 670 1002 quae
689 935 832 1001 separatim
844 934 957 1002 quisque
976 934 1011 985 de

115 1001 203 1070 corpur
217 1019 244 1054 se
256 1002 363 1055 dixerit.
400 1002 469 1055 Petit
487 1011 568 1071 atque
586 1002 712 1071 hortatur,
725 1011 754 1054 ut
773 1005 830 1055 sine
849 1002 908 1072 ejus
926 1001 1010 1054 uffen-

114 1077 170 1184 sppe
179 1071 307 1194 animhm
319 1073 377 1142 ipse
390 1071 425 1123 de
437 1087 469 1124 eo
481 1089 564 1124 causa
576 1074 682 1140 cognita
696 1079 802 1142 statuat,
816 1072 859 1124 vel
872 1072 1011 1125 civitatem

113 1145 204 1190 tatere
216 1141 240 1208 ju
261 1150 314 1194 eat.
899 1139 911 1159 ’“

79 1260 82 1273 ‚
142 1206 172 1256 2⁰.
188 1209 328 1263 Divitiacus
351 1209 444 1262 multis
467 1227 530 1262 curu
552 1208 669 1262 lacrimis
690 1212 832 1262 Caesarem
853 1209 1010 1278 complexus

64 3285 72 3312 h

112 1267 330 1349 tbtecrareooepit,
345 1279 457 1347 nequid
475 1279 582 1346 gravius
600 1280 628 1330 in
646 1279 755 1332 fratrem
775 1283 918 1331 statueret:
938 1279 1007 1330 scire

112 1351 136 1388 se
145 1341 179 1394 rlla
193 1364 248 1400 esse
261 1366 332 1418 vera,
347 1366 397 1400 nec
416 1365 581 1417 quemquam
593 1365 628 1400 ex
640 1365 672 1399 eo
684 1349 751 1417 plus,
766 1366 847 1417 quam
861 1365 898 1415 se,
912 1346 1009 1400 doloris

112 1421 192 1482 tallere,
204 1428 340 1486 propterea
353 1418 430 1486 quod,
442 1435 504 1469 cum
517 1418 574 1486 ipse
586 1419 671 1484 gratia
684 1419 829 1486 plurimum
841 1417 913 1469 domi
926 1425 1007 1485 atque

112 1491 132 1525 m
147 1483 229 1553 reliqua
241 1488 337 1556 Gallia,
351 1487 395 1538 ille
409 1487 550 1539 minimum
565 1497 669 1555 propter
687 1488 896 1539 adolescentiam
909 1494 1006 1555 posset,

110 1555 147 1610 per
157 1567 179 1602 se
189 1558 328 1608 crevisset:
348 1556 445 1625 quibus
457 1556 553 1625 opibus
565 1573 597 1607 ac
609 1558 698 1611 nervis
711 1573 760 1608 non
775 1557 861 1607 solum
874 1555 908 1606 ad
921 1557 1008 1607 minu·

110 1615 186 1673 oudam
195 1627 313 1695 gratiam,
324 1625 372 1678 sed
386 1643 470 1693 paene
483 1626 516 1677 ad
531 1626 677 1692 perniciem
690 1643 767 1677 suam
780 1634 907 1677 uteretur.
943 1624 1007 1676 Sese

110 1686 179 1742 lamen
194 1704 218 1745 et
235 1711 325 1746 amore
344 1695 458 1746 fraterno
477 1704 503 1746 et
522 1695 716 1746 existimatione
734 1695 807 1762 vulgi
825 1694 1007 1746 commoveri.¹

109 1747 168 1808 Qll⁰d
178 1762 196 1812 si
206 1764 269 1831 quid
282 1765 308 1817 ei
321 1765 347 1816 a⁴
359 1765 471 1816 Caesare
489 1765 597 1831 gravius
614 1763 764 1832 accidisset,
784 1781 846 1816 cum
865 1763 922 1830 ipse
941 1780 1006 1815 eum

109 1816 177 1879 locum
194 1834 324 1885 amicitiae
343 1832 414 1900 apud
427 1839 491 1885 eur'n
510 1841 620 1900 teneret,
634 1833 771 1902 neminem
790 1833 1005 1885 existimaturum

107 1902 148 1964 uon
158 1913 196 1950 sua
207 1903 342 1955 voluntate
361 1902 478 1970 lactum3
497 1919 550 1970 qua
568 1920 601 1954 ex
615 1918 642 1953 re
655 1902 782 1970 futurum,
797 1903 835 1954 uti
853 1902 932 1952 totius
944 1901 1006 1952 Gal·

107 1953 148 2010 hae
157 1969 226 2023 animi
239 1991 254 2024 a
268 1989 297 2024 se
310 1979 500 2024 averterentur.
537 1973 612 2023 Haec
630 1988 693 2023 oum
705 1971 825 2040 pluribus
837 1971 925 2022 verbis
937 1971 1005 2022 flens

105 2029 228 2092 acsecare
248 2049 359 2110 peteret,
379 2042 477 2093 Caesar
497 2039 556 2110 ejus
576 2040 695 2093 dextram
717 2040 819 2108 prendit
826 2057 834 2108 3
854 2040 1005 2091 consolatus

104 2108 169 2169 111ἓ11,
185 2109 261 2163 finem
282 2110 373 2162 orandi
393 2110 489 2177 faciat,
508 2111 573 2162 tanti
594 2109 653 2178 ejus
671 2110 743 2178 apud
762 2127 791 2161 se
809 2110 923 2177 gratiam
943 2125 1003 2160 esse

104 2173 204 2246 ostendit,
216 2181 254 2232 uti
273 2188 300 2230 et
319 2181 356 2230 rei
375 2179 499 2247 publicae
520 2179 643 2248 injuriam
664 2188 690 2230 et
709 2197 787 2230 suum
807 2177 923 2229 dolorem
944 2178 1003 2245 ejus

104 2233 258 2301 voluntariae
282 2248 406 2317 precibus
428 2249 568 2300 condonet.
606 2249 798 2314 Dumnorigem
816 2247 850 2298 ad
869 2255 1001 2314 sevocat,

103 2298 190 2377 tratrem
206 2318 315 2370 adhibet
323 2334 331 2386 ;
349 2335 418 2384 quae
437 2319 462 2369 in
477 2335 508 2368 eo
522 2316 705 2386 reprehendat,
720 2317 842 2383 ostendit,
856 2333 924 2383 quae
945 2315 1002 2383 ipse

103 2375 218 2455 tutelligat,
231 2405 301 2456 quae
320 2387 415 2438 civitas
433 2395 565 2455 queratur,
585 2387 720 2455 proponit,
738 2393 836 2453 monet,
851 2394 880 2436 ut
898 2387 924 2436 in
943 2385 1002 2435 reli-

101 2453 170 2524 quum
180 2461 282 2525 tempus
293 2473 388 2507 omnes
400 2455 565 2523 suspiciones
574 2457 656 2523 vitet,
675 2455 817 2525 praeterita
831 2471 859 2505 se
872 2453 1002 2506 Divitiaco

100 2505 159 2566 1111111
175 2522 317 2577 condonare
338 2525 410 2577 dicit.
454 2525 609 2591 Dumnorigi
630 2525 754 2577 custodes
773 2525 853 2592 ponit,
874 2530 911 2593 ut,
932 2539 1002 2590 quas

100 2589 156 2651 ¹3³1,
167 2594 322 2657 quibuscum
334 2593 463 2662 loquatur,
478 2594 545 2645 scire
563 2594 652 2661 possit.
765 2619 771 2651 r

130 2651 162 2705 ²1·
179 2661 278 2716 Eodem
295 2663 339 2714 die
352 2663 387 2715 ab
399 2663 608 2731 exploratoribus
626 2662 720 2715 certior
738 2662 826 2714 sactus
843 2661 933 2713 hostes
951 2659 1001 2712 sub

100 2765 1000 2793 &w

97 2831 210 2900 moialem
222 2846 265 2892 but
275 2844 342 2891 there
352 2859 403 2891 was
412 2859 457 2892 one
466 2843 641 2891 circumstance
651 2842 731 2890 which
740 2856 791 2888 was
803 2840 895 2900 against
907 2847 999 2902 (πνρας.

95 2889 162 2950 ”fill
171 2901 216 2951 this
227 2902 375 2952 conclusion.

123 2976 165 3030 ΗΑ
175 2986 267 3049 lcadrng
278 2989 351 3037 man!
385 2988 472 3046 Comp.
484 2988 553 3047 chap.
566 2991 603 3035 53.

123 3062 196 3122 ’Fides
207 3078 310 3124 omnium
321 3091 407 3132 rerum,
420 3074 559 3122 confidence
570 3074 596 3121 in
605 3073 691 3133 regard
701 3080 727 3120 to
738 3072 770 3120 all
781 3072 871 3132 things.

136 3151 239 3222 Numer,
252 3172 278 3210 to
287 3160 409 3210 intercede
420 3177 451 3209 on
463 3161 500 3209 his
511 3158 600 3208 behalf.

122 3236 180 3292 ‘tha
190 3248 336 3308 preposition
346 3265 361 3295 a
372 3227 429 3295 he're
441 3237 500 3295 does
518 3255 559 3294 not
571 3246 658 3293 denote
667 3245 709 3292 the
721 3261 734 3291 a
752 3254 803 3297 ent,
813 3245 859 3290 but
874 3242 915 3290 the
926 3258 999 3292 causo

90 3299 183 3357 “llum
192 3305 253 3356 from
264 3307 343 3358 which
357 3307 397 3358 the
409 3306 566 3368 punishment
577 3305 598 3354 is
609 3304 724 3354 conceive
751 3312 778 3354 to
788 3316 869 3352 come.
