2250 3736
99 233 139 292 52
399 253 440 292 oa
461 252 559 292 sasso
579 251 716 292 osuaroo.
769 256 771 260 ·

100 360 178 413 hanc¹
190 378 249 412 esse
263 360 385 430 Galliam,
399 361 468 413 siout
482 361 554 413 illam
565 369 691 413 nostram.
727 360 762 413 Ut
775 359 825 429 ipsi
840 357 952 411 concedi
970 375 1021 413 nou

100 438 238 499 oporteret,
258 430 280 482 si
300 431 326 482 in
344 439 445 482 nostros
463 430 532 482 fines
551 432 685 499 impetum
702 429 811 498 faceret,
831 429 870 479 sio
890 429 956 480 item
974 445 1021 481 nos

100 514 160 549 esse
171 499 282 568 iniquos,
293 500 363 568 quod
373 501 399 551 in
409 516 456 552 suo
467 499 526 568 jure
536 518 564 552 se
574 499 812 567 interpellaremus.
839 498 915 555 Quod
927 497 1021 549 fratres

100 567 128 688 pe
147 569 403 638 senatusconsulto]
425 571 532 621 Aeduos
550 569 697 638 appellatos
716 569 824 636 diceret,
843 583 895 618 non
915 583 946 618 se
966 576 1021 619 tarn

119 638 241 690 arbatum
263 655 350 706 neque
371 649 426 690 tarn
446 640 601 707 imperitum
621 655 681 690 esse
702 655 798 705 rerum,
819 645 848 688 ut
867 653 920 688 non
942 637 1021 688 sciret

100 722 188 773 neque
208 706 277 759 bello
294 708 466 775 Allobrogum
486 709 604 775 proximo
620 707 729 760 Aeduos
747 707 872 759 Romanis
890 705 1022 758 auxilium

100 776 193 826 tulisse
212 793 300 845 neque
319 777 391 845 ipsos
409 779 434 828 in
451 778 492 829 his
510 778 731 844 contentionibus,
743 792 811 844 quas
822 774 912 826 Aedui
928 791 1022 828 secum

100 852 126 895 et
140 862 202 896 oum
215 846 344 915 Sequanis
362 846 525 916 habuissent,
538 847 636 898 auxilio
649 846 738 914 populi
751 844 863 898 Romani
876 861 939 895 usos
952 861 1021 896 esse.

100 913 204 967 Debere
218 932 246 966 se
265 916 395 983 suspicari
411 916 536 969 simulata
548 917 689 968 Caesarem
709 913 847 981 amicitia,²
858 913 929 981 quod
949 930 1022 964 exer-

99 982 182 1035 citum
201 984 227 1035 in
245 985 332 1037 Gallia
351 985 456 1054 habeat,
477 986 518 1037 sui
536 984 702 1054 opprimendi
721 1001 803 1036 causa
822 983 932 1035 habere.
970 982 1022 1040 Qui

99 1051 151 1103 nisi
164 1052 278 1105 decedat
297 1064 378 1122 atque
396 1055 545 1107 exercitum
557 1054 673 1107 deducat
686 1071 719 1105 ex
732 1053 775 1106 his
788 1052 947 1121 regionibus,
962 1069 1022 1104 sese

100 1120 175 1173 illum
189 1139 240 1174 non
253 1140 299 1192 pro
311 1125 407 1193 amico,
421 1125 468 1176 sed
481 1142 527 1194 pro
546 1124 622 1176 hoste
641 1123 802 1176 habiturum.
832 1122 909 1179 Quod
923 1122 946 1173 si
959 1138 1023 1175 eum

100 1189 270 1262 interfecerit,
288 1194 381 1246 multis
398 1211 458 1245 sese
477 1193 609 1246 nobilibus
627 1192 844 1271 principibusque
863 1191 955 1259 populi
974 1193 1023 1243 Ro·

100 1261 174 1312 mani
185 1271 289 1329 gratum
302 1279 363 1314 esse
377 1261 525 1316 facturum:
545 1264 571 1314 id
585 1279 614 1315 se
627 1264 662 1315 ab
674 1263 739 1331 ipsis
752 1279 800 1330 per
812 1277 905 1312 eorum
916 1261 1024 1313 nuntios

100 1339 266 1399 compertum
280 1331 388 1401 habere,
401 1349 514 1400 quorum
526 1334 647 1385 omnium
659 1331 772 1400 gratiam
784 1342 864 1398 atque
873 1329 1024 1383 amicitiam

101 1398 160 1468 ejus
179 1409 263 1452 morte
280 1401 410 1453 redimere
429 1412 527 1471 posset.
559 1401 635 1460 Quod
653 1402 675 1453 si
692 1401 855 1452 decessisset
868 1407 895 1450 et
911 1397 1024 1451 liberam

100 1469 295 1538 possessionem
309 1471 411 1522 Galliae
425 1472 475 1524 sibi
489 1471 648 1539 tradidisset,
662 1486 761 1536 magno
774 1485 803 1520 se
816 1468 891 1520 illum
904 1469 1024 1536 praemio

100 1547 330 1592 remuneraturum
345 1549 372 1592 et
380 1557 568 1609 quaecumque
580 1540 652 1592 bella
664 1541 719 1608 geri
728 1539 816 1608 vellet,
828 1538 885 1590 sine
898 1536 953 1590 ullo
966 1537 1024 1607 ejus

100 1606 190 1660 labore
202 1617 229 1660 et
241 1609 358 1678 periculo
371 1610 564 1663 confecturum.
970 1661 973 1666 .

135 1682 177 1730 45.
196 1678 284 1730 Multa
296 1679 331 1732 ab
343 1681 457 1732 Caesare
470 1680 496 1732 in
513 1696 575 1732 earn
594 1677 764 1731 sententiam⁸
774 1677 846 1730 diota
858 1683 927 1746 sunt,
941 1692 1024 1745 quare

65 1810 66 1813 Ἴ
100 1749 205 1814 negotio
228 1749 358 1801 desistere
378 1766 430 1801 non
451 1758 548 1818 posset,
570 1756 597 1800 et
617 1765 705 1817 neque
726 1764 803 1799 suam
824 1763 913 1814 neque
933 1745 1024 1815 populi

99 1815 212 1868 Romani
228 1819 449 1871 consuetudinem
462 1819 524 1888 pati,
538 1818 577 1870 uti
596 1819 696 1887 optime
715 1817 824 1869 nreritos
842 1815 929 1868 socios
947 1815 1024 1886 desef

100 1893 177 1953 reret,
192 1903 279 1955 neque
298 1904 327 1939 se
345 1887 465 1958 judicare
481 1888 597 1940 Galliam
612 1888 700 1956 potius
718 1903 779 1938 esse
792 1885 926 1953 Ariovisti,
940 1901 1024 1953 quam

100 1955 190 2023 populi
202 1956 323 2009 Romani.
360 1958 433 2010 Bello
449 1966 586 2026 superatos
604 1973 664 2008 esse
676 1958 809 2009 Arvernos
820 1963 847 2006 et
858 1955 978 2006 Rutenos
990 1952 1024 2007 ab

101 2022 133 2080 Q.
148 2023 228 2076 Fabio
241 2026 379 2095 Maximo*
391 2027 488 2095 quibus
503 2027 616 2095 populus
628 2026 764 2078 Romanus
776 2023 919 2092 ignovisset
932 2038 1023 2091 neque

99 2092 127 2144 in
140 2094 302 2160 provinciam
316 2098 463 2164 redegisset
475 2113 563 2164 neque
577 2096 737 2164 stipendium
751 2094 919 2162 inposuisset.
946 2090 1024 2149 Quod

100 2163 124 2214 si
142 2164 360 2232 antiquissimum
375 2167 500 2234 quodque
520 2175 626 2234 tempus
644 2165 757 2232 spectari
776 2171 914 2231 oporteret,
932 2161 1024 2230 populi

99 2231 212 2284 Romani
229 2233 408 2303 justissimum
432 2252 492 2287 esse
513 2236 539 2286 in
559 2234 646 2287 Gallia
665 2233 822 2303 imperium:
848 2231 870 2282 si
890 2229 1024 2299 judicium

100 2304 351 2364 senatusobservari
360 2305 497 2373 oporteret,
508 2305 619 2356 liberam
628 2303 728 2356 debere
737 2319 797 2354 esse
805 2301 929 2371 Galliam,
941 2317 1024 2369 quam

98 2370 170 2425 bello
183 2373 282 2425 victam
296 2375 352 2426 suis
363 2374 468 2442 legibus
482 2374 519 2426 uti
531 2374 668 2426 voluisset.

135 2447 178 2494 46.
200 2443 270 2495 Dum
291 2442 360 2496 haee
383 2444 410 2495 iu
434 2443 564 2512 colloquio
584 2451 717 2510 gemntur,
739 2437 1024 2494 Caesarinuntiatum

99 2520 140 2562 est
153 2512 257 2580 equites
269 2513 394 2565 Ariovisti
409 2513 515 2582 propius
529 2512 662 2564 tumulum
681 2510 811 2562 accedere
829 2517 856 2560 et
873 2508 1023 2560 adnostros

9 2632 13 2636 Α
98 2580 262 2649 adequitare,
272 2581 375 2650 lapides
381 2582 487 2650 telaque
496 2583 521 2634 in
530 2591 632 2634 nostros
638 2580 777 2648 conjicere.
791 2580 889 2631 Caesar
896 2576 1022 2645 loquendi

99 2648 181 2702 finem
193 2650 257 2704 saoit
273 2668 356 2720 seque
372 2651 405 2703 ad
424 2668 486 2703 suos
503 2651 605 2720 recepit
621 2649 735 2717 suisque.
742 2647 889 2716 imperavit,
904 2663 938 2698 ne
951 2645 1023 2715 qnod

98 2927 115 2960 n
128 2855 139 2960 ²,
151 2854 224 2960 {aar
242 2855 363 2913 Galliam
386 2855 439 2904 that
456 2854 485 2911 is,
504 2858 563 2903 torre
581 2853 676 2906 Galliae
692 2861 792 2914 parton.
829 2849 877 2898 See
894 2848 965 2908 chop.
983 2853 1022 2907 22,

115 2928 155 2959 os
182 2948 188 2961 .

126 2985 275 3043 'Amicam
293 2988 399 3048 namely,
418 2986 455 3034 for
469 2986 511 3033 the
529 2985 620 3041 Aedui,
638 2982 732 3044 though
749 2982 767 3031 it
784 2996 841 3042 may
852 2980 911 3050 ,also
927 2982 960 3029 be
981 2980 1024 3031 tho

97 3043 230 3103 friondship
241 3046 336 3106 alleged
347 3057 371 3094 to
382 3047 445 3093 exist
456 3046 569 3092 between
580 3044 622 3092 the
634 3043 743 3091 Romans
755 3043 802 3090 and
813 3043 963 3089 Ariovistus.

126 3116 175 3164 ‘In
186 3121 393 3174 consapientium,
409 3123 449 3165 ‘to
460 3117 509 3165 this
520 3117 610 3171 effect,’
624 3131 651 3164 or
664 3121 704 3163 ‘to
716 3115 785 3164 show
796 3114 834 3162 his
845 3113 961 3172 opinion.¹

126 3191 135 3218 ⁴
151 3189 183 3244 Q.
197 3189 289 3237 Fabius
304 3191 429 3238 Maximus
444 3206 495 3238 was
510 3188 594 3237 consul
610 3189 634 3236 in
647 3180 671 3236 a.
687 3185 708 3235 o.
724 3191 775 3244 121,
791 3187 838 3235 and
855 3186 879 3234 in
895 3187 948 3235 that
965 3199 1023 3248 year

97 3249 182 3311 fought
198 3249 292 3309 against
311 3249 353 3298 tha
369 3248 527 3309 Allobroges,
545 3249 660 3306 Arverni,
681 3247 729 3296 and
749 3246 851 3304 Ruteni,
871 3246 933 3294 with
953 3255 1020 3308 great

97 3323 204 3358 success.
