2250 3736
152 244 192 306 44
455 265 496 304 un
518 263 615 302 annuo
636 263 772 303 asiarco.

151 372 253 425 exirent
265 379 347 440 atque
360 371 422 424 inde
435 372 460 425 in
474 371 578 424 ltaliam
597 370 804 437 contenderent,¹
817 371 975 438 praesertim
989 389 1073 441 quum

151 441 287 511 Sequanos
299 441 459 509 aprovincia
468 451 555 492 nostra
564 439 717 492 Rhodanus⁹
725 441 868 508 divideret,
881 442 982 509 quibus
994 444 1074 495 rebus

151 527 231 580 quarn
245 513 400 562 maturrime
413 511 606 562 occurrendum
618 509 737 577 putabat.
774 511 834 578 lpse
851 519 943 562 autern
956 512 1073 567 Ariovis-

152 588 195 632 tus
219 589 305 631 tantos
328 580 378 631 sibi
403 581 517 649 spiritus,
539 589 640 631 tantam
663 581 840 646 arrogantiam
864 589 1023 651 sumpserat,
1045 589 1074 634 nt

153 648 277 701 ferendus
290 665 341 701 non
354 649 496 702 videretur.

186 722 227 771 at.
246 718 428 777 Quamobrem
441 718 540 787 placuit
554 717 586 785 ei,
600 725 629 769 ut
641 716 674 767 ad
689 716 852 770 Ariovistum
864 717 969 785 legatos
986 720 1073 772 mitte·

152 796 198 855 ret,
208 788 254 856 qui
263 788 298 840 ab
306 804 338 839 eo
347 788 517 855 postularent,
527 788 564 839 uti
572 786 691 854 aliquem
699 786 788 838 locum
796 786 916 838 medium
926 789 1075 857 utriusque⁸

150 857 281 927 colloquio
300 857 418 909 diceret:
437 856 509 908 velle
527 873 587 908 sese
600 855 634 908 de
647 873 674 907 re
688 855 795 924 publica
807 865 833 907 et
846 857 961 908 summis
979 860 1073 910 utrius·

150 942 204 997 que
218 926 298 979 rebus
315 942 377 978 curn
397 942 429 977 eo
447 943 537 993 agere.
574 926 606 977 Ei
619 925 744 992 legationi
756 925 904 977 Ariovistus
922 927 1072 995 respondit:

150 997 247 1066 siquid
258 996 266 1047 i
286 996 307 1047 si
320 1013 337 1047 a
345 996 459 1047 Caesare
469 1011 535 1062 opus
547 1002 626 1063 esset,
637 1011 697 1046 sese
706 993 739 1045 ad
751 1004 964 1047 eumventurum
974 996 1072 1050 luisse:

150 1066 173 1119 si
186 1066 249 1135 quid
260 1013 304 1117 ille
317 1065 355 1117 se⁴
365 1064 436 1132 velit,
449 1064 527 1116 illum
538 1064 573 1115 ad
586 1080 615 1115 se
625 1064 714 1116 venire
726 1073 855 1132 oportere.
893 1065 1035 1117 Praeterea
1044 1083 1073 1118 se

150 1151 239 1205 neque
252 1135 310 1188 sine
328 1134 445 1186 exercitu
459 1135 485 1187 in
498 1149 545 1184 eas
563 1142 651 1201 partes
663 1133 767 1185 Galliae
781 1134 871 1185 venire
883 1133 991 1203 audere,
1006 1152 1073 1203 quas

150 1204 249 1259 Caesar
269 1203 424 1273 possideret,
447 1219 534 1271 neque
555 1203 702 1254 exereitum
724 1202 781 1254 sine
802 1219 898 1270 magno
918 1213 1072 1257 commeatu

149 1282 230 1343 atque
239 1273 420 1326 emolumento
428 1272 454 1324 in
463 1288 548 1325 unum
555 1271 645 1324 locum
654 1270 808 1323 contrahere
817 1288 911 1339 posse,
921 1272 972 1324 sibi
980 1282 1073 1327 autem

150 1344 249 1397 mirum
270 1342 361 1410 videri,
382 1341 446 1409 quid
468 1342 494 1394 in
519 1358 567 1393 sua
579 1341 674 1410 Gallia,
695 1357 777 1408 quarn
796 1340 867 1393 bello
887 1342 1006 1413 vicisset,
1027 1352 1073 1396 aut

150 1412 265 1478 caesari,
279 1420 325 1464 aut
337 1411 444 1463 omnino
457 1410 553 1480 populo
565 1411 683 1462 Romano
697 1411 794 1477 negotii
807 1418 888 1462 esset.

185 1485 227 1534 35.
240 1481 290 1533 His
299 1480 432 1549 responsis
443 1481 477 1532 ad
488 1481 630 1532 Caesarem
645 1480 734 1531 relatis
746 1481 844 1532 iterum
856 1479 890 1531 ad
900 1496 965 1532 eum
975 1480 1073 1534 Caesar

150 1549 252 1620 legatos
270 1567 332 1602 cum
352 1549 393 1601 his
411 1549 545 1601 mandatis
563 1549 659 1601 mittit:
678 1550 805 1617 quoniam
820 1557 891 1600 tanto
910 1566 958 1601 suo
970 1553 1072 1618 populi-

149 1635 204 1691 que
213 1620 323 1673 Romani
333 1618 465 1672 beneficio
477 1618 599 1685 affectus,
609 1635 673 1670 cum
686 1620 711 1670 in
724 1618 862 1670 consulatu
874 1634 922 1669 suo
931 1636 978 1670 rex
990 1628 1072 1688 atque

148 1689 253 1743 amicus
265 1706 282 1741 a
294 1697 387 1740 senatu
400 1687 551 1756 appellatus
563 1697 642 1756 esset,
654 1686 723 1739 hanc
736 1688 786 1740 sibi
795 1687 945 1756 populoque
953 1689 1072 1742 Romano

148 1761 260 1828 gratiam
275 1757 390 1826 referret,
405 1757 473 1810 utin
491 1756 653 1824 colloquium
665 1757 757 1808 venire
776 1757 903 1808 invitatus
917 1767 1072 1823 gravaretur

148 1844 236 1896 neque
249 1827 284 1880 de
297 1828 432 1880 communi
443 1844 470 1878 re
479 1825 623 1877 dicendum
636 1825 685 1877 sibi
696 1837 722 1878 et
731 1825 947 1894 cognoscendum
957 1837 1070 1898 putaret,

147 1895 216 1950 haec
229 1914 289 1949 esse
302 1913 372 1965 quae
385 1897 420 1949 ab
432 1912 464 1947 eo
477 1895 636 1964 postularet:
653 1895 776 1964 primum,
787 1912 912 1962 nequam
921 1896 1071 1949 multitudi-

146 1982 211 2019 nem
223 1965 363 2019 hominum
375 1965 491 2034 amplius
510 1974 581 2016 trane
593 1964 716 2017 Rhenum
729 1965 756 2016 in
772 1965 888 2017 Galliam
902 1966 1055 2019 traduceret
1063 1985 1071 2037 3

146 2034 244 2089 deinde
257 2034 373 2104 obsides,
383 2051 450 2102 quos
462 2034 573 2086 haberet
585 2034 619 2086 ab
628 2035 739 2103 Aeduis,
751 2034 873 2085 redderet
885 2034 1071 2105 Sequanisque

165 2106 320 2173 ermitteret,
333 2113 362 2156 ut
375 2120 442 2172 quos
460 2103 496 2155 illi
510 2103 647 2171 haberent,
661 2103 795 2156 voluntate
815 2103 874 2172 ejus
887 2105 1000 2157 reddere
1019 2107 1072 2159 illis

145 2120 254 2243 liceret;
279 2190 347 2227 neve
366 2172 476 2225 Aeduos
494 2172 589 2242 injuria
607 2172 759 2242 lacesseret,
778 2190 846 2224 neve
871 2172 913 2226 his
937 2176 1071 2244 sociisque

145 2260 239 2297 eorum
262 2242 365 2296 bellurn
387 2241 504 2294 inferret.
548 2241 574 2296 Si
595 2242 620 2294 id
643 2243 680 2294 ita
703 2241 819 2309 lecisset,
842 2243 892 2295 sibi
916 2244 1071 2314 populoque

144 2312 264 2366 Romano
274 2321 430 2381 perpetuam
441 2313 555 2379 gratiam
568 2319 649 2380 atque
661 2313 808 2364 amicitiam
820 2328 883 2364 cum
896 2329 927 2364 eo
935 2312 1069 2369 suturam:

145 2382 231 2434 sinon
245 2382 404 2452 impetraret,
419 2397 487 2449 sese,
501 2381 628 2449 qnoniam
640 2381 680 2432 M.
695 2381 822 2447 Messala,
836 2381 876 2434 Μ.
891 2382 987 2434 Pisone
998 2401 1068 2436 con·

144 2450 248 2505 sulibus
260 2459 369 2504 senatus
381 2451 538 2519 censuisset,
549 2449 596 2519 uti,
607 2450 761 2519 quicunque
774 2450 889 2503 Galliam
902 2452 1070 2520 provinciam

174 2627 247 2676 ¹The
263 2643 315 2676 war
333 2628 428 2688 against
447 2627 489 2676 the
507 2628 602 2676 Cimbri
620 2628 667 2677 and
687 2629 796 2677 Teutoni
813 2645 841 2678 or
857 2630 995 2688 Teutones,
1014 2632 1070 2681 who

144 2688 243 2737 crossed
254 2687 295 2735 the
305 2687 377 2746 Alps,
388 2687 435 2735 and
445 2687 549 2735 invaded
560 2688 633 2747 Italy,
644 2691 723 2749 began
734 2690 759 2737 in
770 2705 793 2737 a.
805 2704 825 2736 o.
837 2693 888 2737 113.
920 2690 995 2751 They
1004 2707 1069 2739 were

143 2746 255 2796 defeated
266 2749 299 2806 by
311 2746 340 2794 C.
354 2746 447 2794 Marius
459 2747 484 2793 in
496 2762 518 2794 a.
528 2761 549 2794 c.
562 2751 605 2794 102
616 2747 663 2795 and
676 2752 726 2805 101,
735 2758 759 2796 at
771 2749 859 2809 Aquae
872 2749 972 2798 Sextiae
986 2750 1034 2799 aud
1045 2751 1071 2800 in

144 2805 185 2854 the
198 2806 285 2865 Campi
297 2805 393 2854 Raudii.
427 2805 547 2864 Compare
558 2806 582 2853 ii.
594 2809 618 2864 4,
631 2809 669 2855 29.

172 2893 247 2942 'The
265 2893 385 2942 Germana
402 2908 468 2941 were
487 2893 586 2953 already
602 2893 692 2942 settled
710 2894 735 2942 in
750 2895 791 2942 the
809 2905 912 2955 country
922 2895 951 2943 of
963 2895 1007 2943 tho
1025 2895 1070 2945 Se·

160 2953 226 3009 uani,
239 2952 286 3000 and
302 2953 380 3014 might
397 2952 476 3013 easily
487 2968 554 3000 eroes
571 2953 613 3000 the
630 2952 727 3012 Rhene,
739 2970 765 3002 as
777 2954 796 3001 it
807 2969 859 3002 was
870 2954 988 3003 fordable.
1022 2955 1071 3006 See

72 3058 76 3065 ,
143 3026 157 3060 c
176 3027 213 3071 ap.
225 3014 247 3059 6.

172 3097 182 3126 ⁸
195 3095 326 3201 Utriusque
336 3110 357 3162 rs
368 3094 427 3162 here
438 3096 480 3144 the
490 3112 558 3145 same
569 3112 596 3145 as
608 3097 672 3146 ieter
681 3106 807 3160 atrumque
812 3113 824 3156 ;
837 3097 941 3162 namely.
957 3100 1072 3152 between

144 3153 237 3204 Caesar
248 3169 278 3201 an
309 3154 455 3204 Anovrstus.

173 3241 182 3270 ⁴
192 3239 218 3291 N
220 3239 309 3301 amer,
316 3241 406 3301 facere.
