<?xml version="1.0" encoding="UTF-8"?>
<!DOCTYPE html PUBLIC "-//W3C//DTD XHTML 1.0 Transitional//EN"
    "http://www.w3.org/TR/xhtml1/DTD/xhtml1-transitional.dtd">
<html xmlns="http://www.w3.org/1999/xhtml" xml:lang="en" lang="en">
 <head>
  <title>
</title>
<meta http-equiv="Content-Type" content="text/html;charset=utf-8" />
  <meta name='ocr-system' content='tesseract 3.04.00' />
  <meta name='ocr-capabilities' content='ocr_page ocr_carea ocr_par ocr_line ocrx_word'/>
</head>
<body>
  <div class='ocr_page' id='page_1' title='image "./commentariidebe00caesgoog_0043.png"; bbox 0 0 2250 3736; ppageno 0'>
   <div class='ocr_carea' id='block_1_1' title="bbox 95 232 713 297">
    <p class='ocr_par' dir='ltr' id='par_1_1' title="bbox 95 232 713 297">
     <span class='ocr_line' id='line_1_1' title="bbox 95 232 713 297; baseline -0.005 -6"><span class='ocrx_word' id='word_1_1' title='bbox 95 232 134 291; x_wconf 79' lang='lat'>34</span> <span class='ocrx_word' id='word_1_2' title='bbox 397 247 437 286; x_wconf 80' lang='lat' dir='ltr'>os</span> <span class='ocrx_word' id='word_1_3' title='bbox 459 248 556 297; x_wconf 73' lang='lat' dir='ltr'>supro</span> <span class='ocrx_word' id='word_1_4' title='bbox 578 248 713 288; x_wconf 79' lang='lat' dir='ltr'>orrumco.</span> 
     </span>
    </p>
   </div>
   <div class='ocr_carea' id='block_1_2' title="bbox 71 354 1032 2634">
    <p class='ocr_par' dir='ltr' id='par_1_2' title="bbox 95 354 1032 2081">
     <span class='ocr_line' id='line_1_2' title="bbox 95 354 1023 426; baseline 0 -17"><span class='ocrx_word' id='word_1_5' title='bbox 95 357 206 410; x_wconf 89' lang='lat' dir='ltr'>liberius</span> <span class='ocrx_word' id='word_1_6' title='bbox 224 363 305 424; x_wconf 88' lang='lat' dir='ltr'>atque</span> <span class='ocrx_word' id='word_1_7' title='bbox 324 354 461 407; x_wconf 86' lang='lat' dir='ltr'>audacius.</span> <span class='ocrx_word' id='word_1_8' title='bbox 500 355 604 407; x_wconf 87' lang='lat' dir='ltr'>Eadem</span> <span class='ocrx_word' id='word_1_9' title='bbox 629 364 732 408; x_wconf 87' lang='lat' dir='ltr'>secreto</span> <span class='ocrx_word' id='word_1_10' title='bbox 757 355 791 408; x_wconf 91' lang='lat' dir='ltr'>ab</span> <span class='ocrx_word' id='word_1_11' title='bbox 816 356 876 408; x_wconf 87' lang='lat' dir='ltr'>aliis</span> <span class='ocrx_word' id='word_1_12' title='bbox 900 357 1023 426; x_wconf 84' lang='lat' dir='ltr'>quaerit;</span> 
     </span>
     <span class='ocr_line' id='line_1_3' title="bbox 96 425 1021 495; baseline -0.002 -16"><span class='ocrx_word' id='word_1_13' title='bbox 96 427 192 494; x_wconf 88' lang='lat' dir='ltr'>reperit</span> <span class='ocrx_word' id='word_1_14' title='bbox 211 443 271 477; x_wconf 89' lang='lat' dir='ltr'>esse</span> <span class='ocrx_word' id='word_1_15' title='bbox 285 441 360 476; x_wconf 89' lang='lat' dir='ltr'>vera:</span> <span class='ocrx_word' id='word_1_16' title='bbox 381 425 468 491; x_wconf 89' lang='lat' dir='ltr'>ipsum</span> <span class='ocrx_word' id='word_1_17' title='bbox 488 441 548 475; x_wconf 88' lang='lat' dir='ltr'>esse</span> <span class='ocrx_word' id='word_1_18' title='bbox 561 425 760 493; x_wconf 77' lang='lat' dir='ltr'>Dumnorigem,</span> <span class='ocrx_word' id='word_1_19' title='bbox 775 442 881 477; x_wconf 89' lang='lat' dir='ltr'>summa</span> <span class='ocrx_word' id='word_1_20' title='bbox 899 427 1021 495; x_wconf 88' lang='lat' dir='ltr'>audacia,</span> 
     </span>
     <span class='ocr_line' id='line_1_4' title="bbox 96 493 1024 563; baseline 0 -16"><span class='ocrx_word' id='word_1_21' title='bbox 96 511 194 562; x_wconf 85' lang='lat' dir='ltr'>magua</span> <span class='ocrx_word' id='word_1_22' title='bbox 218 493 289 562; x_wconf 90' lang='lat' dir='ltr'>apud</span> <span class='ocrx_word' id='word_1_23' title='bbox 313 494 421 562; x_wconf 85' lang='lat' dir='ltr'>plebem</span> <span class='ocrx_word' id='word_1_24' title='bbox 447 504 551 562; x_wconf 87' lang='lat' dir='ltr'>propter</span> <span class='ocrx_word' id='word_1_25' title='bbox 570 494 757 546; x_wconf 77' lang='lat' dir='ltr'>liberalitatem</span> <span class='ocrx_word' id='word_1_26' title='bbox 781 497 873 562; x_wconf 86' lang='lat' dir='ltr'>gratia,</span> <span class='ocrx_word' id='word_1_27' title='bbox 893 496 1024 563; x_wconf 87' lang='lat' dir='ltr'>cupidum</span> 
     </span>
     <span class='ocr_line' id='line_1_5' title="bbox 96 562 1024 631; baseline 0 -17"><span class='ocrx_word' id='word_1_28' title='bbox 96 580 183 614; x_wconf 66' lang='lat' dir='ltr'>rerum</span> <span class='ocrx_word' id='word_1_29' title='bbox 197 579 340 615; x_wconf 89' lang='lat' dir='ltr'>novarum:</span> <span class='ocrx_word' id='word_1_30' title='bbox 360 562 512 630; x_wconf 82' lang='lat' dir='ltr'>complures</span> <span class='ocrx_word' id='word_1_31' title='bbox 523 579 607 614; x_wconf 88' lang='lat' dir='ltr'>annos</span> <span class='ocrx_word' id='word_1_32' title='bbox 625 565 738 630; x_wconf 80' lang='lat' dir='ltr'>portbrla</span> <span class='ocrx_word' id='word_1_33' title='bbox 758 563 913 631; x_wconf 89' lang='lat' dir='ltr'>reliquaque</span> <span class='ocrx_word' id='word_1_34' title='bbox 932 565 1024 615; x_wconf 88' lang='lat' dir='ltr'>omnia</span> 
     </span>
     <span class='ocr_line' id='line_1_6' title="bbox 96 632 1024 700; baseline -0.001 -15"><span class='ocrx_word' id='word_1_35' title='bbox 96 633 252 685; x_wconf 81' lang='lat' dir='ltr'>Aeduorum</span> <span class='ocrx_word' id='word_1_36' title='bbox 266 632 405 698; x_wconf 86' lang='lat' dir='ltr'>vectigalia</span> <span class='ocrx_word' id='word_1_37' title='bbox 417 648 496 700; x_wconf 88' lang='lat' dir='ltr'>parvo</span> <span class='ocrx_word' id='word_1_38' title='bbox 510 633 592 700; x_wconf 89' lang='lat' dir='ltr'>pretio</span> <span class='ocrx_word' id='word_1_39' title='bbox 612 632 750 700; x_wconf 89' lang='lat' dir='ltr'>redempta</span> <span class='ocrx_word' id='word_1_40' title='bbox 762 632 869 700; x_wconf 89' lang='lat' dir='ltr'>habere,</span> <span class='ocrx_word' id='word_1_41' title='bbox 884 643 1024 700; x_wconf 87' lang='lat' dir='ltr'>propterea</span> 
     </span>
     <span class='ocr_line' id='line_1_7' title="bbox 96 701 1024 770; baseline 0.002 -18"><span class='ocrx_word' id='word_1_42' title='bbox 96 702 167 770; x_wconf 92' lang='lat' dir='ltr'>quod</span> <span class='ocrx_word' id='word_1_43' title='bbox 181 701 224 752; x_wconf 93' lang='lat' dir='ltr'>illo</span> <span class='ocrx_word' id='word_1_44' title='bbox 237 701 334 752; x_wconf 78' lang='lat' dir='ltr'>licente</span> <span class='ocrx_word' id='word_1_45' title='bbox 347 711 437 752; x_wconf 84' lang='lat' dir='ltr'>contra</span> <span class='ocrx_word' id='word_1_46' title='bbox 449 701 522 752; x_wconf 89' lang='lat' dir='ltr'>liceri</span> <span class='ocrx_word' id='word_1_47' title='bbox 535 701 633 752; x_wconf 83' lang='lat' dir='ltr'>audeat</span> <span class='ocrx_word' id='word_1_48' title='bbox 646 718 735 752; x_wconf 90' lang='lat' dir='ltr'>nemo.</span> <span class='ocrx_word' id='word_1_49' title='bbox 754 702 802 752; x_wconf 92' lang='lat' dir='ltr'>His</span> <span class='ocrx_word' id='word_1_50' title='bbox 814 701 894 753; x_wconf 89' lang='lat' dir='ltr'>rebus</span> <span class='ocrx_word' id='word_1_51' title='bbox 906 712 933 752; x_wconf 87' lang='lat' dir='ltr'>et</span> <span class='ocrx_word' id='word_1_52' title='bbox 946 719 1024 754; x_wconf 89' lang='lat' dir='ltr'>suam</span> 
     </span>
     <span class='ocr_line' id='line_1_8' title="bbox 97 770 1024 838; baseline 0 -16"><span class='ocrx_word' id='word_1_53' title='bbox 97 787 155 823; x_wconf 87' lang='lat' dir='ltr'>rem</span> <span class='ocrx_word' id='word_1_54' title='bbox 167 771 326 822; x_wconf 82' lang='lat' dir='ltr'>familiarem</span> <span class='ocrx_word' id='word_1_55' title='bbox 339 770 446 822; x_wconf 81' lang='lat' dir='ltr'>auxisse</span> <span class='ocrx_word' id='word_1_56' title='bbox 466 777 492 822; x_wconf 88' lang='lat' dir='ltr'>et</span> <span class='ocrx_word' id='word_1_57' title='bbox 512 770 654 822; x_wconf 81' lang='lat' dir='ltr'>facultates</span> <span class='ocrx_word' id='word_1_58' title='bbox 672 771 707 822; x_wconf 89' lang='lat' dir='ltr'>ad</span> <span class='ocrx_word' id='word_1_59' title='bbox 726 770 892 838; x_wconf 87' lang='lat' dir='ltr'>largiendum</span> <span class='ocrx_word' id='word_1_60' title='bbox 911 788 1024 838; x_wconf 85' lang='lat' dir='ltr'>magnas</span> 
     </span>
     <span class='ocr_line' id='line_1_9' title="bbox 97 841 1025 908; baseline 0 -17"><span class='ocrx_word' id='word_1_61' title='bbox 97 856 267 908; x_wconf 85' lang='lat' dir='ltr'>comparasse</span> <span class='ocrx_word' id='word_1_62' title='bbox 273 855 281 908; x_wconf 76' lang='lat'><em>3</em></span> <span class='ocrx_word' id='word_1_63' title='bbox 299 856 427 906; x_wconf 89' lang='lat' dir='ltr'>magnum</span> <span class='ocrx_word' id='word_1_64' title='bbox 437 856 580 891; x_wconf 90' lang='lat' dir='ltr'>numerum</span> <span class='ocrx_word' id='word_1_65' title='bbox 589 841 725 908; x_wconf 79' lang='lat' dir='ltr'>equitatus</span> <span class='ocrx_word' id='word_1_66' title='bbox 738 857 785 891; x_wconf 90' lang='lat' dir='ltr'>suo</span> <span class='ocrx_word' id='word_1_67' title='bbox 798 849 906 908; x_wconf 90' lang='lat' dir='ltr'>sumptu</span> <span class='ocrx_word' id='word_1_68' title='bbox 916 857 1025 908; x_wconf 84' lang='lat' dir='ltr'>semper</span> 
     </span>
     <span class='ocr_line' id='line_1_10' title="bbox 97 907 1023 978; baseline 0.002 -19"><span class='ocrx_word' id='word_1_69' title='bbox 97 909 169 960; x_wconf 90' lang='lat' dir='ltr'>alere</span> <span class='ocrx_word' id='word_1_70' title='bbox 183 917 209 960; x_wconf 87' lang='lat' dir='ltr'>et</span> <span class='ocrx_word' id='word_1_71' title='bbox 222 910 324 961; x_wconf 87' lang='lat' dir='ltr'>circum</span> <span class='ocrx_word' id='word_1_72' title='bbox 336 925 365 960; x_wconf 88' lang='lat' dir='ltr'>se</span> <span class='ocrx_word' id='word_1_73' title='bbox 378 907 486 976; x_wconf 88' lang='lat' dir='ltr'>habere,</span> <span class='ocrx_word' id='word_1_74' title='bbox 501 925 587 977; x_wconf 88' lang='lat' dir='ltr'>neque</span> <span class='ocrx_word' id='word_1_75' title='bbox 601 909 687 961; x_wconf 89' lang='lat' dir='ltr'>solum</span> <span class='ocrx_word' id='word_1_76' title='bbox 700 909 779 978; x_wconf 88' lang='lat' dir='ltr'>domi,</span> <span class='ocrx_word' id='word_1_77' title='bbox 794 909 840 960; x_wconf 88' lang='lat' dir='ltr'>sed</span> <span class='ocrx_word' id='word_1_78' title='bbox 854 909 936 961; x_wconf 90' lang='lat' dir='ltr'>etiarn</span> <span class='ocrx_word' id='word_1_79' title='bbox 951 908 1023 977; x_wconf 88' lang='lat' dir='ltr'>apud</span> 
     </span>
     <span class='ocr_line' id='line_1_11' title="bbox 97 977 1032 1047; baseline 0 -17"><span class='ocrx_word' id='word_1_80' title='bbox 97 977 224 1030; x_wconf 89' lang='lat' dir='ltr'>finitimas</span> <span class='ocrx_word' id='word_1_81' title='bbox 236 979 360 1030; x_wconf 89' lang='lat' dir='ltr'>civitates</span> <span class='ocrx_word' id='word_1_82' title='bbox 372 977 478 1045; x_wconf 89' lang='lat' dir='ltr'>largiter</span> <span class='ocrx_word' id='word_1_83' title='bbox 491 979 579 1045; x_wconf 85' lang='lat' dir='ltr'>posse¹</span> <span class='ocrx_word' id='word_1_84' title='bbox 590 987 671 1046; x_wconf 85' lang='lat' dir='ltr'>atque</span> <span class='ocrx_word' id='word_1_85' title='bbox 688 977 768 1046; x_wconf 81' lang='lat' dir='ltr'>hujus</span> <span class='ocrx_word' id='word_1_86' title='bbox 783 979 929 1047; x_wconf 58' lang='lat' dir='ltr'>potentia&amp;</span> <span class='ocrx_word' id='word_1_87' title='bbox 942 994 1032 1030; x_wconf 71' lang='lat' dir='ltr'>causa</span> 
     </span>
     <span class='ocr_line' id='line_1_12' title="bbox 97 1045 1025 1115; baseline -0.001 -16"><span class='ocrx_word' id='word_1_88' title='bbox 97 1055 211 1099; x_wconf 89' lang='lat' dir='ltr'>matrem</span> <span class='ocrx_word' id='word_1_89' title='bbox 225 1049 253 1100; x_wconf 90' lang='lat' dir='ltr'>iu</span> <span class='ocrx_word' id='word_1_90' title='bbox 265 1046 428 1114; x_wconf 85' lang='lat' dir='ltr'>Biturigibus</span> <span class='ocrx_word' id='word_1_91' title='bbox 440 1045 540 1098; x_wconf 91' lang='lat' dir='ltr'>homini</span> <span class='ocrx_word' id='word_1_92' title='bbox 552 1046 607 1099; x_wconf 88' lang='lat' dir='ltr'>illio</span> <span class='ocrx_word' id='word_1_93' title='bbox 619 1047 784 1099; x_wconf 89' lang='lat' dir='ltr'>nobilissimo</span> <span class='ocrx_word' id='word_1_94' title='bbox 795 1065 827 1099; x_wconf 88' lang='lat' dir='ltr'>ao</span> <span class='ocrx_word' id='word_1_95' title='bbox 839 1047 1025 1115; x_wconf 87' lang='lat' dir='ltr'>potentissimo</span> 
     </span>
     <span class='ocr_line' id='line_1_13' title="bbox 97 1115 1025 1185; baseline 0 -17"><span class='ocrx_word' id='word_1_96' title='bbox 97 1116 249 1185; x_wconf 86' lang='lat' dir='ltr'>collocasse,</span> <span class='ocrx_word' id='word_1_97' title='bbox 269 1119 359 1185; x_wconf 91' lang='lat' dir='ltr'>ipsum</span> <span class='ocrx_word' id='word_1_98' title='bbox 383 1132 416 1168; x_wconf 83' lang='lat' dir='ltr'>ex</span> <span class='ocrx_word' id='word_1_99' title='bbox 435 1115 566 1168; x_wconf 89' lang='lat' dir='ltr'>Helvetiis</span> <span class='ocrx_word' id='word_1_100' title='bbox 593 1133 702 1168; x_wconf 87' lang='lat' dir='ltr'>uxorem</span> <span class='ocrx_word' id='word_1_101' title='bbox 728 1116 835 1184; x_wconf 88' lang='lat' dir='ltr'>habere,</span> <span class='ocrx_word' id='word_1_102' title='bbox 856 1133 973 1168; x_wconf 91' lang='lat' dir='ltr'>sororem</span> <span class='ocrx_word' id='word_1_103' title='bbox 991 1132 1025 1168; x_wconf 84' lang='lat' dir='ltr'>ex</span> 
     </span>
     <span class='ocr_line' id='line_1_14' title="bbox 97 1186 1025 1254; baseline -0.001 -17"><span class='ocrx_word' id='word_1_104' title='bbox 97 1195 182 1238; x_wconf 88' lang='lat' dir='ltr'>matre</span> <span class='ocrx_word' id='word_1_105' title='bbox 196 1195 222 1237; x_wconf 85' lang='lat' dir='ltr'>et</span> <span class='ocrx_word' id='word_1_106' title='bbox 235 1186 396 1254; x_wconf 86' lang='lat' dir='ltr'>propinquas</span> <span class='ocrx_word' id='word_1_107' title='bbox 408 1202 470 1236; x_wconf 90' lang='lat' dir='ltr'>suas</span> <span class='ocrx_word' id='word_1_108' title='bbox 482 1186 595 1253; x_wconf 86' lang='lat' dir='ltr'>nuptum</span> <span class='ocrx_word' id='word_1_109' title='bbox 608 1187 635 1237; x_wconf 93' lang='lat' dir='ltr'>in</span> <span class='ocrx_word' id='word_1_110' title='bbox 648 1186 714 1237; x_wconf 87' lang='lat' dir='ltr'>alias</span> <span class='ocrx_word' id='word_1_111' title='bbox 727 1186 849 1237; x_wconf 86' lang='lat' dir='ltr'>civitates</span> <span class='ocrx_word' id='word_1_112' title='bbox 860 1186 1025 1236; x_wconf 69' lang='lat' dir='ltr'>collocasse.³</span> 
     </span>
     <span class='ocr_line' id='line_1_15' title="bbox 97 1254 1024 1323; baseline 0 -18"><span class='ocrx_word' id='word_1_113' title='bbox 97 1254 200 1306; x_wconf 85' lang='lat' dir='ltr'>Favere</span> <span class='ocrx_word' id='word_1_114' title='bbox 224 1263 250 1306; x_wconf 89' lang='lat' dir='ltr'>et</span> <span class='ocrx_word' id='word_1_115' title='bbox 275 1271 373 1322; x_wconf 87' lang='lat' dir='ltr'>cupere</span> <span class='ocrx_word' id='word_1_116' title='bbox 392 1254 522 1305; x_wconf 88' lang='lat' dir='ltr'>Helvetiis</span> <span class='ocrx_word' id='word_1_117' title='bbox 540 1263 645 1323; x_wconf 90' lang='lat' dir='ltr'>propter</span> <span class='ocrx_word' id='word_1_118' title='bbox 663 1272 722 1306; x_wconf 87' lang='lat' dir='ltr'>eam</span> <span class='ocrx_word' id='word_1_119' title='bbox 742 1254 916 1322; x_wconf 78' lang='lat' dir='ltr'>adfinitatem,</span> <span class='ocrx_word' id='word_1_120' title='bbox 937 1254 1024 1305; x_wconf 89' lang='lat' dir='ltr'>odisse</span> 
     </span>
     <span class='ocr_line' id='line_1_16' title="bbox 98 1323 1024 1392; baseline 0.001 -17"><span class='ocrx_word' id='word_1_121' title='bbox 98 1324 181 1375; x_wconf 88' lang='lat' dir='ltr'>etiam</span> <span class='ocrx_word' id='word_1_122' title='bbox 193 1341 241 1376; x_wconf 91' lang='lat' dir='ltr'>suo</span> <span class='ocrx_word' id='word_1_123' title='bbox 253 1323 370 1375; x_wconf 86' lang='lat' dir='ltr'>nomine‘</span> <span class='ocrx_word' id='word_1_124' title='bbox 381 1323 525 1375; x_wconf 90' lang='lat' dir='ltr'>Caesarem</span> <span class='ocrx_word' id='word_1_125' title='bbox 534 1333 561 1375; x_wconf 90' lang='lat' dir='ltr'>et</span> <span class='ocrx_word' id='word_1_126' title='bbox 569 1325 708 1390; x_wconf 87' lang='lat' dir='ltr'>Romanos,</span> <span class='ocrx_word' id='word_1_127' title='bbox 721 1325 791 1392; x_wconf 93' lang='lat' dir='ltr'>quod</span> <span class='ocrx_word' id='word_1_128' title='bbox 802 1340 893 1374; x_wconf 89' lang='lat' dir='ltr'>eorum</span> <span class='ocrx_word' id='word_1_129' title='bbox 906 1323 1024 1376; x_wconf 85' lang='lat' dir='ltr'>adventu</span> 
     </span>
     <span class='ocr_line' id='line_1_17' title="bbox 99 1392 1024 1461; baseline 0.001 -18"><span class='ocrx_word' id='word_1_130' title='bbox 99 1393 217 1461; x_wconf 89' lang='lat' dir='ltr'>potentia</span> <span class='ocrx_word' id='word_1_131' title='bbox 229 1392 288 1461; x_wconf 88' lang='lat' dir='ltr'>ejus</span> <span class='ocrx_word' id='word_1_132' title='bbox 299 1392 437 1444; x_wconf 88' lang='lat' dir='ltr'>deminuta</span> <span class='ocrx_word' id='word_1_133' title='bbox 450 1400 477 1444; x_wconf 88' lang='lat' dir='ltr'>et</span> <span class='ocrx_word' id='word_1_134' title='bbox 490 1393 636 1444; x_wconf 85' lang='lat' dir='ltr'>Divitiaous</span> <span class='ocrx_word' id='word_1_135' title='bbox 648 1393 728 1444; x_wconf 83' lang='lat' dir='ltr'>frater</span> <span class='ocrx_word' id='word_1_136' title='bbox 740 1393 766 1443; x_wconf 93' lang='lat' dir='ltr'>in</span> <span class='ocrx_word' id='word_1_137' title='bbox 778 1393 919 1459; x_wconf 89' lang='lat' dir='ltr'>antiquum</span> <span class='ocrx_word' id='word_1_138' title='bbox 933 1393 1024 1444; x_wconf 90' lang='lat' dir='ltr'>locum</span> 
     </span>
     <span class='ocr_line' id='line_1_18' title="bbox 98 1460 1023 1530; baseline 0.001 -19"><span class='ocrx_word' id='word_1_139' title='bbox 98 1461 198 1527; x_wconf 88' lang='lat' dir='ltr'>gratiae</span> <span class='ocrx_word' id='word_1_140' title='bbox 210 1469 291 1530; x_wconf 87' lang='lat' dir='ltr'>atque</span> <span class='ocrx_word' id='word_1_141' title='bbox 304 1460 409 1512; x_wconf 92' lang='lat' dir='ltr'>honoris</span> <span class='ocrx_word' id='word_1_142' title='bbox 421 1462 454 1512; x_wconf 88' lang='lat' dir='ltr'>sit</span> <span class='ocrx_word' id='word_1_143' title='bbox 467 1461 612 1513; x_wconf 89' lang='lat' dir='ltr'>restitutus.</span> <span class='ocrx_word' id='word_1_144' title='bbox 649 1461 675 1514; x_wconf 82' lang='lat' dir='ltr'>Si</span> <span class='ocrx_word' id='word_1_145' title='bbox 688 1462 753 1530; x_wconf 92' lang='lat' dir='ltr'>quid</span> <span class='ocrx_word' id='word_1_146' title='bbox 773 1461 877 1512; x_wconf 88' lang='lat' dir='ltr'>accidat</span> <span class='ocrx_word' id='word_1_147' title='bbox 890 1462 1023 1529; x_wconf 85' lang='lat' dir='ltr'>Romanis,</span> 
     </span>
     <span class='ocr_line' id='line_1_19' title="bbox 99 1530 1022 1598; baseline 0.002 -18"><span class='ocrx_word' id='word_1_148' title='bbox 99 1546 235 1582; x_wconf 90' lang='lat' dir='ltr'>summam</span> <span class='ocrx_word' id='word_1_149' title='bbox 255 1531 282 1581; x_wconf 90' lang='lat' dir='ltr'>in</span> <span class='ocrx_word' id='word_1_150' title='bbox 301 1547 376 1598; x_wconf 86' lang='lat' dir='ltr'>spem</span> <span class='ocrx_word' id='word_1_151' title='bbox 396 1547 443 1598; x_wconf 93' lang='lat' dir='ltr'>per</span> <span class='ocrx_word' id='word_1_152' title='bbox 455 1530 593 1583; x_wconf 85' lang='lat' dir='ltr'>Helvetios</span> <span class='ocrx_word' id='word_1_153' title='bbox 611 1532 685 1598; x_wconf 84' lang='lat' dir='ltr'>regni</span> <span class='ocrx_word' id='word_1_154' title='bbox 697 1530 834 1582; x_wconf 90' lang='lat' dir='ltr'>obtinendi</span> <span class='ocrx_word' id='word_1_155' title='bbox 847 1532 955 1582; x_wconf 88' lang='lat' dir='ltr'>venire:</span> <span class='ocrx_word' id='word_1_156' title='bbox 975 1531 1022 1582; x_wconf 91' lang='lat' dir='ltr'>im·</span> 
     </span>
     <span class='ocr_line' id='line_1_20' title="bbox 99 1599 1023 1668; baseline 0.001 -19"><span class='ocrx_word' id='word_1_157' title='bbox 99 1601 172 1668; x_wconf 90' lang='lat' dir='ltr'>perio</span> <span class='ocrx_word' id='word_1_158' title='bbox 190 1599 280 1668; x_wconf 92' lang='lat' dir='ltr'>populi</span> <span class='ocrx_word' id='word_1_159' title='bbox 297 1599 410 1651; x_wconf 89' lang='lat' dir='ltr'>Romani</span> <span class='ocrx_word' id='word_1_160' title='bbox 428 1615 478 1651; x_wconf 91' lang='lat' dir='ltr'>non</span> <span class='ocrx_word' id='word_1_161' title='bbox 497 1600 577 1651; x_wconf 90' lang='lat' dir='ltr'>modo</span> <span class='ocrx_word' id='word_1_162' title='bbox 595 1599 629 1651; x_wconf 91' lang='lat' dir='ltr'>de</span> <span class='ocrx_word' id='word_1_163' title='bbox 649 1616 736 1667; x_wconf 89' lang='lat' dir='ltr'>reguo,</span> <span class='ocrx_word' id='word_1_164' title='bbox 757 1599 805 1651; x_wconf 91' lang='lat' dir='ltr'>sed</span> <span class='ocrx_word' id='word_1_165' title='bbox 829 1599 910 1650; x_wconf 87' lang='lat' dir='ltr'>etiam</span> <span class='ocrx_word' id='word_1_166' title='bbox 930 1599 965 1651; x_wconf 91' lang='lat' dir='ltr'>de</span> <span class='ocrx_word' id='word_1_167' title='bbox 984 1615 1023 1667; x_wconf 88' lang='lat' dir='ltr'>ea,</span> 
     </span>
     <span class='ocr_line' id='line_1_21' title="bbox 99 1668 1024 1737; baseline -0.001 -18"><span class='ocrx_word' id='word_1_168' title='bbox 99 1685 181 1736; x_wconf 91' lang='lat' dir='ltr'>quam</span> <span class='ocrx_word' id='word_1_169' title='bbox 200 1668 306 1737; x_wconf 87' lang='lat' dir='ltr'>habeat,</span> <span class='ocrx_word' id='word_1_170' title='bbox 326 1668 412 1735; x_wconf 89' lang='lat' dir='ltr'>gratia</span> <span class='ocrx_word' id='word_1_171' title='bbox 430 1668 581 1736; x_wconf 90' lang='lat' dir='ltr'>desperare.</span> <span class='ocrx_word' id='word_1_172' title='bbox 618 1668 778 1737; x_wconf 87' lang='lat' dir='ltr'>Reperiebat</span> <span class='ocrx_word' id='word_1_173' title='bbox 797 1668 880 1720; x_wconf 87' lang='lat' dir='ltr'>otiam</span> <span class='ocrx_word' id='word_1_174' title='bbox 898 1670 924 1719; x_wconf 92' lang='lat' dir='ltr'>in</span> <span class='ocrx_word' id='word_1_175' title='bbox 944 1684 1024 1736; x_wconf 88' lang='lat' dir='ltr'>quas·</span> 
     </span>
     <span class='ocr_line' id='line_1_22' title="bbox 99 1737 1025 1806; baseline 0 -18"><span class='ocrx_word' id='word_1_176' title='bbox 99 1737 180 1789; x_wconf 91' lang='lat' dir='ltr'>reudo</span> <span class='ocrx_word' id='word_1_177' title='bbox 199 1738 304 1805; x_wconf 87' lang='lat' dir='ltr'>Caesar,</span> <span class='ocrx_word' id='word_1_178' title='bbox 322 1737 392 1805; x_wconf 93' lang='lat' dir='ltr'>quod</span> <span class='ocrx_word' id='word_1_179' title='bbox 411 1737 542 1806; x_wconf 90' lang='lat' dir='ltr'>proelium</span> <span class='ocrx_word' id='word_1_180' title='bbox 560 1744 684 1805; x_wconf 82' lang='lat' dir='ltr'>equestre</span> <span class='ocrx_word' id='word_1_181' title='bbox 702 1737 845 1789; x_wconf 86' lang='lat' dir='ltr'>adversum</span> <span class='ocrx_word' id='word_1_182' title='bbox 859 1737 952 1805; x_wconf 87' lang='lat' dir='ltr'>paucis</span> <span class='ocrx_word' id='word_1_183' title='bbox 964 1745 1025 1788; x_wconf 85' lang='lat' dir='ltr'>ante</span> 
     </span>
     <span class='ocr_line' id='line_1_23' title="bbox 99 1805 1025 1875; baseline -0.001 -18"><span class='ocrx_word' id='word_1_184' title='bbox 99 1805 195 1858; x_wconf 86' lang='lat' dir='ltr'>diebus</span> <span class='ocrx_word' id='word_1_185' title='bbox 213 1815 283 1858; x_wconf 90' lang='lat' dir='ltr'>esset</span> <span class='ocrx_word' id='word_1_186' title='bbox 302 1805 411 1873; x_wconf 81' lang='lat' dir='ltr'>lactum,</span> <span class='ocrx_word' id='word_1_187' title='bbox 426 1807 528 1858; x_wconf 90' lang='lat' dir='ltr'>initium</span> <span class='ocrx_word' id='word_1_188' title='bbox 549 1805 608 1875; x_wconf 90' lang='lat' dir='ltr'>ejus</span> <span class='ocrx_word' id='word_1_189' title='bbox 619 1807 709 1874; x_wconf 77' lang='lat' dir='ltr'>lugae⁶</span> <span class='ocrx_word' id='word_1_190' title='bbox 722 1806 821 1858; x_wconf 86' lang='lat' dir='ltr'>sactum</span> <span class='ocrx_word' id='word_1_191' title='bbox 834 1823 850 1856; x_wconf 88' lang='lat' dir='ltr'>a</span> <span class='ocrx_word' id='word_1_192' title='bbox 863 1807 1025 1872; x_wconf 87' lang='lat' dir='ltr'>Dumnorige</span> 
     </span>
     <span class='ocr_line' id='line_1_24' title="bbox 99 1874 1024 1945; baseline -0.001 -19"><span class='ocrx_word' id='word_1_193' title='bbox 99 1883 180 1942; x_wconf 90' lang='lat' dir='ltr'>atque</span> <span class='ocrx_word' id='word_1_194' title='bbox 206 1874 266 1943; x_wconf 85' lang='lat' dir='ltr'>ejus</span> <span class='ocrx_word' id='word_1_195' title='bbox 290 1874 425 1942; x_wconf 89' lang='lat' dir='ltr'>equitibus</span> <span class='ocrx_word' id='word_1_196' title='bbox 444 1876 519 1945; x_wconf 86' lang='lat' dir='ltr'>(nam</span> <span class='ocrx_word' id='word_1_197' title='bbox 537 1876 675 1944; x_wconf 87' lang='lat' dir='ltr'>equitatui,</span> <span class='ocrx_word' id='word_1_198' title='bbox 695 1893 776 1943; x_wconf 88' lang='lat' dir='ltr'>quern</span> <span class='ocrx_word' id='word_1_199' title='bbox 802 1875 900 1926; x_wconf 84' lang='lat' dir='ltr'>auxilio</span> <span class='ocrx_word' id='word_1_200' title='bbox 920 1874 1024 1926; x_wconf 87' lang='lat' dir='ltr'>Caesari</span> 
     </span>
     <span class='ocr_line' id='line_1_25' title="bbox 99 1943 1026 2015; baseline 0 -20"><span class='ocrx_word' id='word_1_201' title='bbox 99 1943 188 1996; x_wconf 89' lang='lat' dir='ltr'>Aedui</span> <span class='ocrx_word' id='word_1_202' title='bbox 206 1944 342 2012; x_wconf 87' lang='lat' dir='ltr'>miserant,</span> <span class='ocrx_word' id='word_1_203' title='bbox 363 1944 509 1996; x_wconf 85' lang='lat' dir='ltr'>Dumnorix</span> <span class='ocrx_word' id='word_1_204' title='bbox 527 1944 666 2015; x_wconf 87' lang='lat' dir='ltr'>praeerat),</span> <span class='ocrx_word' id='word_1_205' title='bbox 686 1961 779 1996; x_wconf 91' lang='lat' dir='ltr'>eorum</span> <span class='ocrx_word' id='word_1_206' title='bbox 803 1943 868 2011; x_wconf 81' lang='lat' dir='ltr'>luga</span> <span class='ocrx_word' id='word_1_207' title='bbox 893 1944 1026 2012; x_wconf 91' lang='lat' dir='ltr'>reliquum</span> 
     </span>
     <span class='ocr_line' id='line_1_26' title="bbox 99 2013 511 2081; baseline 0 -17"><span class='ocrx_word' id='word_1_208' title='bbox 99 2029 160 2064; x_wconf 88' lang='lat' dir='ltr'>esse</span> <span class='ocrx_word' id='word_1_209' title='bbox 174 2013 321 2080; x_wconf 79' lang='lat' dir='ltr'>equitatum</span> <span class='ocrx_word' id='word_1_210' title='bbox 334 2013 511 2081; x_wconf 87' lang='lat' dir='ltr'>perterritum.</span> 
     </span>
    </p>

    <p class='ocr_par' dir='ltr' id='par_1_3' title="bbox 71 2080 1028 2634">
     <span class='ocr_line' id='line_1_27' title="bbox 138 2080 1026 2151; baseline 0 -19"><span class='ocrx_word' id='word_1_211' title='bbox 138 2086 177 2133; x_wconf 86' lang='lat'>19.</span> <span class='ocrx_word' id='word_1_212' title='bbox 196 2081 299 2138; x_wconf 82' lang='lat' dir='ltr'>Quibus</span> <span class='ocrx_word' id='word_1_213' title='bbox 318 2083 397 2133; x_wconf 88' lang='lat' dir='ltr'>rebus</span> <span class='ocrx_word' id='word_1_214' title='bbox 409 2082 528 2151; x_wconf 80' lang='lat' dir='ltr'>cognitis,</span> <span class='ocrx_word' id='word_1_215' title='bbox 542 2099 603 2134; x_wconf 86' lang='lat' dir='ltr'>cum</span> <span class='ocrx_word' id='word_1_216' title='bbox 618 2082 652 2134; x_wconf 92' lang='lat' dir='ltr'>ad</span> <span class='ocrx_word' id='word_1_217' title='bbox 665 2080 714 2133; x_wconf 89' lang='lat' dir='ltr'>has</span> <span class='ocrx_word' id='word_1_218' title='bbox 727 2082 893 2150; x_wconf 87' lang='lat' dir='ltr'>suspiciones</span> <span class='ocrx_word' id='word_1_219' title='bbox 911 2081 1026 2132; x_wconf 83' lang='lat' dir='ltr'>certissi-</span> 
     </span>
     <span class='ocr_line' id='line_1_28' title="bbox 99 2150 1027 2219; baseline 0 -17"><span class='ocrx_word' id='word_1_220' title='bbox 99 2167 161 2202; x_wconf 88' lang='lat' dir='ltr'>mae</span> <span class='ocrx_word' id='word_1_221' title='bbox 189 2167 231 2201; x_wconf 89' lang='lat' dir='ltr'>res</span> <span class='ocrx_word' id='word_1_222' title='bbox 256 2150 423 2217; x_wconf 86' lang='lat' dir='ltr'>accederent,</span> <span class='ocrx_word' id='word_1_223' title='bbox 443 2151 514 2219; x_wconf 93' lang='lat' dir='ltr'>quod</span> <span class='ocrx_word' id='word_1_224' title='bbox 538 2168 584 2219; x_wconf 88' lang='lat' dir='ltr'>per</span> <span class='ocrx_word' id='word_1_225' title='bbox 602 2152 670 2203; x_wconf 87' lang='lat' dir='ltr'>fines</span> <span class='ocrx_word' id='word_1_226' title='bbox 688 2152 870 2218; x_wconf 84' lang='lat' dir='ltr'>Sequanorum</span> <span class='ocrx_word' id='word_1_227' title='bbox 890 2150 1027 2202; x_wconf 87' lang='lat' dir='ltr'>Helvetios</span> 
     </span>
     <span class='ocr_line' id='line_1_29' title="bbox 71 2219 1027 2288; baseline 0 -18"><span class='ocrx_word' id='word_1_228' title='bbox 71 2237 78 2254; x_wconf 77' lang='lat'><strong><em>¹</em></strong></span> <span class='ocrx_word' id='word_1_229' title='bbox 100 2219 267 2288; x_wconf 82' lang='lat' dir='ltr'>traduxisset,</span> <span class='ocrx_word' id='word_1_230' title='bbox 281 2219 350 2287; x_wconf 92' lang='lat' dir='ltr'>quod</span> <span class='ocrx_word' id='word_1_231' title='bbox 370 2220 477 2288; x_wconf 84' lang='lat' dir='ltr'>obsides</span> <span class='ocrx_word' id='word_1_232' title='bbox 496 2221 562 2272; x_wconf 86' lang='lat' dir='ltr'>inter</span> <span class='ocrx_word' id='word_1_233' title='bbox 581 2238 627 2272; x_wconf 89' lang='lat' dir='ltr'>eos</span> <span class='ocrx_word' id='word_1_234' title='bbox 644 2219 746 2271; x_wconf 88' lang='lat' dir='ltr'>dandos</span> <span class='ocrx_word' id='word_1_235' title='bbox 764 2227 890 2287; x_wconf 91' lang='lat' dir='ltr'>curasset,</span> <span class='ocrx_word' id='word_1_236' title='bbox 904 2219 974 2286; x_wconf 88' lang='lat' dir='ltr'>quod</span> <span class='ocrx_word' id='word_1_237' title='bbox 995 2235 1027 2270; x_wconf 86' lang='lat' dir='ltr'>ea</span> 
     </span>
     <span class='ocr_line' id='line_1_30' title="bbox 99 2288 1026 2358; baseline -0.002 -18"><span class='ocrx_word' id='word_1_238' title='bbox 99 2288 189 2340; x_wconf 89' lang='lat' dir='ltr'>omnia</span> <span class='ocrx_word' id='word_1_239' title='bbox 208 2305 258 2339; x_wconf 93' lang='lat' dir='ltr'>non</span> <span class='ocrx_word' id='word_1_240' title='bbox 279 2288 357 2340; x_wconf 93' lang='lat' dir='ltr'>modo</span> <span class='ocrx_word' id='word_1_241' title='bbox 376 2288 478 2358; x_wconf 83' lang='lat' dir='ltr'>injussu</span> <span class='ocrx_word' id='word_1_242' title='bbox 498 2306 545 2340; x_wconf 92' lang='lat' dir='ltr'>suo</span> <span class='ocrx_word' id='word_1_243' title='bbox 559 2298 586 2342; x_wconf 88' lang='lat' dir='ltr'>et</span> <span class='ocrx_word' id='word_1_244' title='bbox 598 2289 720 2357; x_wconf 88' lang='lat' dir='ltr'>civitatis,</span> <span class='ocrx_word' id='word_1_245' title='bbox 735 2288 877 2340; x_wconf 87' lang='lat' dir='ltr'>sedetiam</span> <span class='ocrx_word' id='word_1_246' title='bbox 891 2288 1026 2340; x_wconf 87' lang='lat' dir='ltr'>inscienti·</span> 
     </span>
     <span class='ocr_line' id='line_1_31' title="bbox 99 2356 1026 2426; baseline -0.002 -16"><span class='ocrx_word' id='word_1_247' title='bbox 99 2356 151 2410; x_wconf 90' lang='lat' dir='ltr'>bus</span> <span class='ocrx_word' id='word_1_248' title='bbox 168 2357 234 2426; x_wconf 90' lang='lat' dir='ltr'>ipsis</span> <span class='ocrx_word' id='word_1_249' title='bbox 253 2357 368 2426; x_wconf 88' lang='lat' dir='ltr'>lecisset,</span> <span class='ocrx_word' id='word_1_250' title='bbox 382 2358 453 2425; x_wconf 93' lang='lat' dir='ltr'>quod</span> <span class='ocrx_word' id='word_1_251' title='bbox 472 2375 488 2409; x_wconf 93' lang='lat' dir='ltr'>a</span> <span class='ocrx_word' id='word_1_252' title='bbox 504 2359 663 2426; x_wconf 86' lang='lat' dir='ltr'>magistratu</span> <span class='ocrx_word' id='word_1_253' title='bbox 674 2357 829 2410; x_wconf 90' lang='lat' dir='ltr'>Aeduorum</span> <span class='ocrx_word' id='word_1_254' title='bbox 848 2367 1026 2424; x_wconf 87' lang='lat' dir='ltr'>accusaretur,</span> 
     </span>
     <span class='ocr_line' id='line_1_32' title="bbox 100 2425 1028 2496; baseline -0.001 -18"><span class='ocrx_word' id='word_1_255' title='bbox 100 2426 165 2478; x_wconf 87' lang='lat' dir='ltr'>satis</span> <span class='ocrx_word' id='word_1_256' title='bbox 182 2442 243 2478; x_wconf 86' lang='lat' dir='ltr'>esse</span> <span class='ocrx_word' id='word_1_257' title='bbox 256 2443 353 2478; x_wconf 89' lang='lat' dir='ltr'>causae</span> <span class='ocrx_word' id='word_1_258' title='bbox 371 2426 554 2496; x_wconf 86' lang='lat' dir='ltr'>arbitrabatur,</span> <span class='ocrx_word' id='word_1_259' title='bbox 568 2444 650 2495; x_wconf 89' lang='lat' dir='ltr'>quare</span> <span class='ocrx_word' id='word_1_260' title='bbox 663 2426 690 2478; x_wconf 94' lang='lat' dir='ltr'>in</span> <span class='ocrx_word' id='word_1_261' title='bbox 703 2444 766 2478; x_wconf 91' lang='lat' dir='ltr'>eum</span> <span class='ocrx_word' id='word_1_262' title='bbox 778 2435 824 2478; x_wconf 90' lang='lat' dir='ltr'>aut</span> <span class='ocrx_word' id='word_1_263' title='bbox 837 2427 894 2494; x_wconf 90' lang='lat' dir='ltr'>ipse</span> <span class='ocrx_word' id='word_1_264' title='bbox 907 2425 1028 2478; x_wconf 89' lang='lat' dir='ltr'>animad-</span> 
     </span>
     <span class='ocr_line' id='line_1_33' title="bbox 99 2494 1028 2565; baseline -0.001 -18"><span class='ocrx_word' id='word_1_265' title='bbox 99 2503 223 2564; x_wconf 86' lang='lat' dir='ltr'>verteret,</span> <span class='ocrx_word' id='word_1_266' title='bbox 237 2504 283 2547; x_wconf 88' lang='lat' dir='ltr'>aut</span> <span class='ocrx_word' id='word_1_267' title='bbox 301 2496 439 2548; x_wconf 86' lang='lat' dir='ltr'>civitatem</span> <span class='ocrx_word' id='word_1_268' title='bbox 456 2497 668 2548; x_wconf 88' lang='lat' dir='ltr'>animadvertere</span> <span class='ocrx_word' id='word_1_269' title='bbox 685 2495 799 2565; x_wconf 87' lang='lat' dir='ltr'>juberet.</span> <span class='ocrx_word' id='word_1_270' title='bbox 836 2495 885 2546; x_wconf 89' lang='lat' dir='ltr'>His</span> <span class='ocrx_word' id='word_1_271' title='bbox 903 2494 1028 2546; x_wconf 88' lang='lat' dir='ltr'>omnibus</span> 
     </span>
     <span class='ocr_line' id='line_1_34' title="bbox 100 2564 1028 2634; baseline -0.001 -18"><span class='ocrx_word' id='word_1_272' title='bbox 100 2564 286 2617; x_wconf 85' lang='lat' dir='ltr'>rebus⁶unum</span> <span class='ocrx_word' id='word_1_273' title='bbox 303 2565 476 2634; x_wconf 84' lang='lat' dir='ltr'>repugnabat,</span> <span class='ocrx_word' id='word_1_274' title='bbox 495 2565 566 2633; x_wconf 93' lang='lat' dir='ltr'>quod</span> <span class='ocrx_word' id='word_1_275' title='bbox 584 2565 709 2617; x_wconf 85' lang='lat' dir='ltr'>Divitiaoi</span> <span class='ocrx_word' id='word_1_276' title='bbox 727 2564 816 2616; x_wconf 77' lang='lat' dir='ltr'>fratris</span> <span class='ocrx_word' id='word_1_277' title='bbox 840 2581 980 2616; x_wconf 90' lang='lat' dir='ltr'>summum</span> <span class='ocrx_word' id='word_1_278' title='bbox 1000 2564 1028 2616; x_wconf 88' lang='lat' dir='ltr'>iu</span> 
     </span>
    </p>
   </div>
   <div class='ocr_carea' id='block_1_3' title="bbox 129 2744 676 2896">
    <p class='ocr_par' dir='ltr' id='par_1_4' title="bbox 129 2744 676 2896">
     <span class='ocr_line' id='line_1_35' title="bbox 130 2744 676 2807; baseline 0 -14"><span class='ocrx_word' id='word_1_279' title='bbox 130 2744 262 2807; x_wconf 79' lang='lat' dir='ltr'>¹Largr&#39;ter</span> <span class='ocrx_word' id='word_1_280' title='bbox 268 2763 346 2807; x_wconf 83' lang='lat' dir='ltr'>posse,</span> <span class='ocrx_word' id='word_1_281' title='bbox 360 2755 385 2792; x_wconf 91' lang='lat' dir='ltr'>to</span> <span class='ocrx_word' id='word_1_282' title='bbox 396 2745 458 2793; x_wconf 88' lang='lat' dir='ltr'>have</span> <span class='ocrx_word' id='word_1_283' title='bbox 469 2756 537 2806; x_wconf 87' lang='lat' dir='ltr'>great</span> <span class='ocrx_word' id='word_1_284' title='bbox 549 2746 676 2794; x_wconf 88' lang='lat' dir='ltr'>iufiuenoe.</span> 
     </span>
     <span class='ocr_line' id='line_1_36' title="bbox 129 2833 409 2896; baseline -0.004 -14"><span class='ocrx_word' id='word_1_285' title='bbox 129 2833 139 2862; x_wconf 86' lang='lat'><strong>¹</strong></span> <span class='ocrx_word' id='word_1_286' title='bbox 150 2833 266 2893; x_wconf 84' lang='lat' dir='ltr'>Namely,</span> <span class='ocrx_word' id='word_1_287' title='bbox 278 2836 409 2896; x_wconf 77' lang='lat' dir='ltr'>augendae.</span> 
     </span>
    </p>
   </div>
   <div class='ocr_carea' id='block_1_4' title="bbox 102 2918 1028 3040">
    <p class='ocr_par' dir='ltr' id='par_1_5' title="bbox 102 2918 1028 3040">
     <span class='ocr_line' id='line_1_37' title="bbox 130 2918 1028 2980; baseline 0.003 -13"><span class='ocrx_word' id='word_1_288' title='bbox 130 2920 139 2948; x_wconf 81' lang='lat'>⁸</span> <span class='ocrx_word' id='word_1_289' title='bbox 151 2918 269 2967; x_wconf 85' lang='lat' dir='ltr'>Collocore</span> <span class='ocrx_word' id='word_1_290' title='bbox 279 2921 314 2975; x_wconf 80' lang='lat' dir='ltr'>io,</span> <span class='ocrx_word' id='word_1_291' title='bbox 326 2920 464 2980; x_wconf 88' lang='lat' dir='ltr'>commonly</span> <span class='ocrx_word' id='word_1_292' title='bbox 470 2920 530 2968; x_wconf 86' lang='lat' dir='ltr'>with</span> <span class='ocrx_word' id='word_1_293' title='bbox 541 2920 583 2968; x_wconf 89' lang='lat' dir='ltr'>the</span> <span class='ocrx_word' id='word_1_294' title='bbox 595 2920 709 2977; x_wconf 84' lang='lat' dir='ltr'>ablativa,</span> <span class='ocrx_word' id='word_1_295' title='bbox 719 2936 746 2968; x_wconf 90' lang='lat' dir='ltr'>as</span> <span class='ocrx_word' id='word_1_296' title='bbox 757 2921 848 2977; x_wconf 86' lang='lat' dir='ltr'>above;</span> <span class='ocrx_word' id='word_1_297' title='bbox 863 2921 907 2967; x_wconf 88' lang='lat' dir='ltr'>but</span> <span class='ocrx_word' id='word_1_298' title='bbox 916 2918 975 2968; x_wconf 86' lang='lat' dir='ltr'>hers</span> <span class='ocrx_word' id='word_1_299' title='bbox 986 2923 1028 2970; x_wconf 69' lang='lat' dir='ltr'>the</span> 
     </span>
     <span class='ocr_line' id='line_1_38' title="bbox 102 2978 961 3040; baseline 0 -14"><span class='ocrx_word' id='word_1_300' title='bbox 102 2993 182 3026; x_wconf 78' lang='lat' dir='ltr'>accus.</span> <span class='ocrx_word' id='word_1_301' title='bbox 194 2978 276 3025; x_wconf 89' lang='lat' dir='ltr'>shows</span> <span class='ocrx_word' id='word_1_302' title='bbox 288 2979 340 3026; x_wconf 87' lang='lat' dir='ltr'>that</span> <span class='ocrx_word' id='word_1_303' title='bbox 350 2983 460 3027; x_wconf 82' lang='lat' dir='ltr'>colloeore</span> <span class='ocrx_word' id='word_1_304' title='bbox 471 2980 523 3027; x_wconf 89' lang='lat' dir='ltr'>also</span> <span class='ocrx_word' id='word_1_305' title='bbox 534 2981 629 3040; x_wconf 88' lang='lat' dir='ltr'>implies</span> <span class='ocrx_word' id='word_1_306' title='bbox 641 2980 683 3028; x_wconf 86' lang='lat' dir='ltr'>the</span> <span class='ocrx_word' id='word_1_307' title='bbox 694 2981 778 3028; x_wconf 88' lang='lat' dir='ltr'>notion</span> <span class='ocrx_word' id='word_1_308' title='bbox 788 2979 816 3026; x_wconf 84' lang='lat' dir='ltr'>os</span> <span class='ocrx_word' id='word_1_309' title='bbox 825 2984 831 3005; x_wconf 85' lang='lat'>‘</span> <span class='ocrx_word' id='word_1_310' title='bbox 839 2978 961 3039; x_wconf 70' lang='lat' dir='ltr'>sending)</span> 
     </span>
    </p>
   </div>
   <div class='ocr_carea' id='block_1_5' title="bbox 130 3063 551 3125">
    <p class='ocr_par' dir='ltr' id='par_1_6' title="bbox 130 3063 551 3125">
     <span class='ocr_line' id='line_1_39' title="bbox 130 3063 551 3125; baseline 0.007 -14"><span class='ocrx_word' id='word_1_311' title='bbox 130 3066 140 3093; x_wconf 91' lang='lat'><strong>⁴</strong></span> <span class='ocrx_word' id='word_1_312' title='bbox 151 3064 202 3111; x_wconf 90' lang='lat' dir='ltr'>‘On</span> <span class='ocrx_word' id='word_1_313' title='bbox 212 3063 250 3112; x_wconf 91' lang='lat' dir='ltr'>his</span> <span class='ocrx_word' id='word_1_314' title='bbox 262 3081 318 3112; x_wconf 91' lang='lat' dir='ltr'>own</span> <span class='ocrx_word' id='word_1_315' title='bbox 328 3065 420 3125; x_wconf 87' lang='lat' dir='ltr'>private</span> <span class='ocrx_word' id='word_1_316' title='bbox 432 3066 551 3114; x_wconf 89' lang='lat' dir='ltr'>account.’</span> 
     </span>
    </p>
   </div>
   <div class='ocr_carea' id='block_1_6' title="bbox 103 3150 1032 3272">
    <p class='ocr_par' dir='ltr' id='par_1_7' title="bbox 103 3150 1032 3272">
     <span class='ocr_line' id='line_1_40' title="bbox 130 3150 1032 3218; baseline 0.004 -20"><span class='ocrx_word' id='word_1_317' title='bbox 130 3151 220 3211; x_wconf 72' lang='lat' dir='ltr'>‘Fuga</span> <span class='ocrx_word' id='word_1_318' title='bbox 232 3150 252 3217; x_wconf 79' lang='lat' dir='ltr'>is</span> <span class='ocrx_word' id='word_1_319' title='bbox 264 3150 321 3197; x_wconf 87' lang='lat' dir='ltr'>hers</span> <span class='ocrx_word' id='word_1_320' title='bbox 332 3151 393 3218; x_wconf 82' lang='lat' dir='ltr'>used</span> <span class='ocrx_word' id='word_1_321' title='bbox 403 3152 439 3200; x_wconf 88' lang='lat' dir='ltr'>sor</span> <span class='ocrx_word' id='word_1_322' title='bbox 447 3155 571 3214; x_wconf 82' lang='lat' dir='ltr'>proelium,</span> <span class='ocrx_word' id='word_1_323' title='bbox 584 3153 626 3202; x_wconf 84' lang='lat' dir='ltr'>the</span> <span class='ocrx_word' id='word_1_324' title='bbox 637 3153 703 3202; x_wconf 86' lang='lat' dir='ltr'>main</span> <span class='ocrx_word' id='word_1_325' title='bbox 713 3153 780 3214; x_wconf 86' lang='lat' dir='ltr'>point</span> <span class='ocrx_word' id='word_1_326' title='bbox 791 3152 820 3200; x_wconf 84' lang='lat' dir='ltr'>os</span> <span class='ocrx_word' id='word_1_327' title='bbox 827 3152 869 3200; x_wconf 84' lang='lat' dir='ltr'>tho</span> <span class='ocrx_word' id='word_1_328' title='bbox 880 3152 960 3201; x_wconf 83' lang='lat' dir='ltr'>battle</span> <span class='ocrx_word' id='word_1_329' title='bbox 972 3153 1032 3202; x_wconf 78' lang='lat' dir='ltr'>hers</span> 
     </span>
     <span class='ocr_line' id='line_1_41' title="bbox 103 3209 547 3272; baseline 0.002 -14"><span class='ocrx_word' id='word_1_330' title='bbox 103 3219 128 3258; x_wconf 87' lang='lat' dir='ltr'>to</span> <span class='ocrx_word' id='word_1_331' title='bbox 138 3211 169 3257; x_wconf 88' lang='lat' dir='ltr'>he</span> <span class='ocrx_word' id='word_1_332' title='bbox 181 3209 323 3256; x_wconf 83' lang='lat' dir='ltr'>considered</span> <span class='ocrx_word' id='word_1_333' title='bbox 334 3212 406 3270; x_wconf 83' lang='lat' dir='ltr'>being</span> <span class='ocrx_word' id='word_1_334' title='bbox 417 3212 458 3258; x_wconf 86' lang='lat' dir='ltr'>the</span> <span class='ocrx_word' id='word_1_335' title='bbox 469 3212 547 3272; x_wconf 83' lang='lat' dir='ltr'>llight.</span> 
     </span>
    </p>
   </div>
   <div class='ocr_carea' id='block_1_7' title="bbox 131 3293 1033 3354">
    <p class='ocr_par' dir='ltr' id='par_1_8' title="bbox 131 3293 1033 3354">
     <span class='ocr_line' id='line_1_42' title="bbox 131 3293 1033 3354; baseline 0.008 -11"><span class='ocrx_word' id='word_1_336' title='bbox 131 3295 141 3324; x_wconf 84' lang='lat'>⁸</span> <span class='ocrx_word' id='word_1_337' title='bbox 157 3293 273 3354; x_wconf 88' lang='lat' dir='ltr'>Namely,</span> <span class='ocrx_word' id='word_1_338' title='bbox 287 3295 367 3343; x_wconf 89' lang='lat' dir='ltr'>which</span> <span class='ocrx_word' id='word_1_339' title='bbox 385 3295 424 3343; x_wconf 86' lang='lat' dir='ltr'>led</span> <span class='ocrx_word' id='word_1_340' title='bbox 440 3306 465 3344; x_wconf 92' lang='lat' dir='ltr'>to</span> <span class='ocrx_word' id='word_1_341' title='bbox 482 3298 524 3346; x_wconf 87' lang='lat' dir='ltr'>the</span> <span class='ocrx_word' id='word_1_342' title='bbox 540 3298 680 3347; x_wconf 88' lang='lat' dir='ltr'>conclusion</span> <span class='ocrx_word' id='word_1_343' title='bbox 695 3298 748 3347; x_wconf 87' lang='lat' dir='ltr'>that</span> <span class='ocrx_word' id='word_1_344' title='bbox 763 3297 899 3346; x_wconf 87' lang='lat' dir='ltr'>Dumnorix</span> <span class='ocrx_word' id='word_1_345' title='bbox 915 3307 984 3347; x_wconf 81' lang='lat' dir='ltr'>must</span> <span class='ocrx_word' id='word_1_346' title='bbox 999 3299 1033 3350; x_wconf 70' lang='lat' dir='ltr'>bo</span> 
     </span>
    </p>
   </div>
   <div class='ocr_carea' id='block_1_8' title="bbox 0 0 1137 3736">
    <p class='ocr_par' dir='ltr' id='par_1_9' title="bbox 0 0 1137 3736">
     <span class='ocr_line' id='line_1_43' title="bbox 0 0 1137 3736; baseline 0 0"><span class='ocrx_word' id='word_1_347' title='bbox 0 0 1137 3736; x_wconf 95' lang='lat' dir='ltr'> </span> 
     </span>
    </p>
   </div>
  </div>
 </body>
</html>
