2250 3736
104 221 143 280 56
408 240 449 279 nu
472 242 569 281 nunno
590 241 727 281 eaunrco.

104 356 161 400 rent
180 357 206 399 et
224 347 340 418 desuper
358 349 545 403 vulnerarent.¹
582 351 649 402 Cum
670 351 784 403 nostium
802 354 876 403 acies
894 369 911 403 a
929 351 1035 404 sinistro

103 434 185 469 cornu
204 418 282 485 pulsa
299 430 381 486 atque
400 420 426 470 in
446 420 538 487 sugam
556 437 685 471 conversa
703 430 783 489 esset,
803 438 819 471 a
837 421 932 473 dextro
951 439 1034 475 cornu

104 487 280 539 vehementer
298 488 469 541 multitudine
494 506 602 542 suorum
621 501 737 543 nostram
756 491 843 542 aciem
863 492 1033 558 premebant.

104 557 134 609 tl
165 573 227 609 cum
257 557 488 611 animadvertisset
520 559 632 611 Publius
656 561 768 612 Crassus
793 559 961 629 adolescens,
986 561 1035 629 qui

103 627 234 694 equitatui
255 637 383 696 praeerat,
403 629 474 696 quod
493 628 642 697 expeditior
662 638 727 696 erat,
747 647 828 698 quam
849 630 883 698 hi,
898 631 945 698 qui
965 631 1035 682 inter

102 698 190 775 eciem
202 698 382 767 versabantur,
393 699 499 750 tertiam
507 699 596 750 aciem
608 698 791 751 laborantibus
803 701 899 751 nostris
912 700 1033 752 subsidio

32 825 41 839 Ι
104 776 185 818 mrsrt.

138 841 179 888 53.
199 837 239 888 lta
252 836 382 904 proelium
395 837 549 888 restitutum
568 845 617 905 est,
630 846 712 906 atque
732 854 826 890 omnes
846 837 938 890 hostes
958 846 1034 906 terga

102 915 238 958 verterunt
257 923 345 974 neque
370 908 445 976 prius
470 907 563 974 sugere
589 906 755 976 destiterunt,
775 924 857 976 quam
875 907 910 958 ad
929 908 1034 961 flumen

102 975 227 1030 Rhenum
253 977 328 1028 milia
349 994 477 1045 passuum
499 993 585 1028 exeo
606 977 664 1027 loco
689 978 794 1028 circiter
815 977 1032 1049 [quinquaginta]

101 1055 288 1114 pervenerunt.
326 1047 366 1098 lbi
378 1048 505 1115 perpauci
517 1054 563 1098 aut
576 1046 677 1098 viribus
695 1047 787 1099 confisi
806 1055 909 1097 tranare
922 1056 1033 1099 conten·

101 1117 205 1182 derunt,
219 1127 264 1168 aut
278 1116 400 1169 lintribus
412 1116 529 1168 inventis
547 1116 597 1168 sibi
616 1115 731 1168 salutem
745 1123 909 1185 repererunt.
945 1114 975 1168 In
988 1115 1033 1169 his

100 1185 152 1238 tuit
164 1186 320 1251 Ariovistus,
334 1186 379 1255 qui
399 1186 551 1238 naviculam
570 1185 716 1252 deligatam
728 1185 762 1237 ad
777 1186 862 1254 ripam
881 1194 976 1237 nactus
997 1203 1032 1238 ea

100 1256 232 1325 profugit:
253 1255 370 1323 reliquos
381 1272 476 1308 omnes
493 1255 615 1324 equitatu
633 1256 771 1307 consecuti
787 1254 868 1306 nostri
888 1255 1032 1307 iuterfece-

100 1337 168 1378 runt.
205 1327 281 1377 Duae
306 1326 413 1377 suerunt
438 1326 562 1377 Ariovisti
588 1325 702 1388 uxores,²
721 1342 775 1376 una
799 1324 887 1376 Sueva
911 1325 1030 1395 natione,

99 1412 182 1464 quam
207 1396 287 1446 domo
313 1411 408 1446 secum
433 1394 554 1463 duxerat,
573 1394 658 1446 altera
675 1394 780 1462 Norica,
801 1394 872 1460 regis
890 1394 1030 1446 Voctiouis

99 1481 178 1532 soror,
192 1481 273 1533 quam
286 1464 313 1515 in
326 1464 413 1516 Gallia
426 1462 537 1516 duxerat
550 1481 566 1515 a
579 1464 658 1516 fratre
670 1465 798 1515 missam:
817 1472 930 1531 utraque
950 1463 976 1514 in
996 1480 1031 1516 ea

99 1533 163 1602 fuga
175 1535 318 1603 perierunt.
355 1533 430 1586 Duae
444 1533 516 1584 filiae
529 1534 632 1602 harum,
646 1533 730 1584 altera
741 1534 838 1600 occisa,
852 1532 937 1583 altera
949 1543 1032 1601 capta

99 1613 150 1657 est.
195 1604 275 1656 Caius
295 1603 420 1656 Valerius
443 1603 578 1670 Procillus,
604 1620 667 1655 cum
691 1619 708 1654 a
731 1603 889 1655 custodibus
912 1603 939 1653 in
964 1602 1032 1670 fuga

98 1675 174 1726 trinis
194 1674 297 1726 catenis
316 1673 422 1725 vinctus
442 1673 596 1743 traheretur,
617 1673 642 1724 in
664 1673 752 1740 ipsum
772 1673 914 1725 Caesarem
938 1672 1031 1724 hostes

98 1745 221 1812 equitatu
245 1751 454 1812 persequentem
478 1743 580 1795 incidit.
625 1742 701 1801 Quae
722 1741 835 1811 quidem
855 1758 897 1792 res
919 1741 1030 1793 Caesari

98 1831 149 1866 non
171 1814 310 1881 minorem,
331 1829 414 1880 quam
438 1813 496 1881 ipsa
516 1812 626 1864 victoria
647 1811 812 1879 voluptatem
836 1810 932 1877 attulit,
955 1811 1029 1879 quod

97 1882 235 1936 hominem
249 1883 470 1934 honestissimum
482 1882 633 1949 provinciae
646 1881 757 1948 Galliae,
772 1897 852 1933 suum
865 1880 1029 1933 familiarem

98 1960 125 2004 et
149 1951 292 2021 hospitem,
317 1960 440 2028 ereptum
464 1967 480 2002 e
504 1952 630 2003 manibus
655 1951 773 2003 hostium
798 1951 847 2002 sibi
873 1951 1028 2003 restitutum

97 2021 214 2088 videbat,
234 2037 322 2089 neque
346 2037 405 2089 ejus
429 2021 582 2072 calamitate
607 2020 641 2072 de
666 2029 738 2072 tanta
756 2020 892 2089 voluptate
917 2029 944 2071 et
968 2037 1028 2086 gra-

98 2091 224 2144 tulatione
237 2091 383 2159 quicquam
401 2090 506 2142 fortuna
523 2090 701 2142 deminuerat.
738 2091 764 2142 le
782 2106 811 2141 se
830 2096 971 2158 praesente
990 2090 1028 2141 de

97 2177 127 2213 se
148 2169 188 2212 ter
208 2161 323 2212 sortibus
343 2160 494 2212 consultum
515 2159 631 2228 dicebat,
650 2167 739 2212 utrum
761 2159 815 2226 igni
836 2159 925 2210 statim
946 2175 1028 2210 neca-

97 2239 176 2300 retur,
190 2248 225 2282 an
244 2231 270 2282 iu
287 2229 360 2282 aliud
379 2239 485 2298 tempus
504 2238 695 2281 reservaretur:
717 2231 826 2280 sortium
845 2228 976 2280 beneficio
996 2245 1028 2280 se

97 2317 158 2352 esse
171 2299 343 2352 incolumem.
380 2301 449 2352 Item
467 2298 579 2351 Marcus
596 2299 712 2351 Mettius
724 2309 844 2367 repertus
863 2307 889 2350 et
907 2297 941 2349 ad
961 2313 1028 2351 eum

97 2369 224 2422 reductus
237 2379 286 2422 est.

132 2443 174 2491 54.
193 2440 251 2491 Η33
263 2438 362 2508 proelio
375 2447 447 2491 trans
464 2437 589 2490 Rhenum
607 2437 727 2489 nuntiato
747 2436 835 2505 Suevi,
848 2436 894 2505 qui
907 2436 941 2486 ad
955 2437 1029 2506 ripas

97 2508 184 2562 Rheni
203 2517 338 2576 venerant,
359 2509 470 2561 domum
490 2508 585 2559 reverti
605 2515 766 2576 coeperuut3
792 2523 858 2574 quos
878 2505 959 2572 Ubii‚³
979 2507 1027 2574 qui

97 2578 211 2648 proximi
224 2579 349 2630 Rhenum
368 2577 493 2645 incolunt,
509 2575 559 2648 [ut]
578 2577 729 2645 perterritos
748 2576 895 2644 senserunt,
910 2576 1029 2629 insecuti

98 2664 228 2716 magnum
248 2665 282 2700 ex
301 2648 343 2699 his
366 2663 510 2701 numerum
532 2645 695 2698 occiderunt.
732 2646 830 2698 Caesar
850 2662 904 2696 una
922 2654 1029 2698 aestate

128 2821 137 2850 ¹
148 2820 265 2880 Numely‚
281 2821 419 2870 Germanos.

129 2907 204 2956 ’The
217 2907 338 2956 Germans
349 2907 474 2968 generally
480 2922 544 2955 were
553 2915 595 2954 not
604 2905 773 2966 polygamiae,
784 2909 827 2955 but
838 2907 901 2954 their
912 2906 989 2954 chiess
1001 2923 1032 2955 or

101 2968 187 3016 nobles
204 2968 345 3015 sometimes
362 2967 432 3015 made
449 2983 481 3014 33
496 2966 632 3025 exception,
646 2964 693 3013 and
704 2963 753 3012 had
764 2974 813 3012 two
824 2981 851 3013 or
862 2981 928 3013 more
940 2967 1029 3015 wives.

103 3027 182 3076 Tacit.
195 3026 272 3074 Germ.
287 3030 322 3074 18.

131 3114 206 3161 ⁸'l'he
222 3113 285 3168 Ubii,
298 3112 354 3160 who
365 3111 489 3160 inhabited
505 3110 547 3158 the
563 3110 628 3171 right
644 3109 711 3158 bank
727 3109 755 3156 of
769 3109 811 3178 the
829 3109 919 3166 Rhine‚
932 3126 999 3159 were
1017 3129 1032 3161 a

104 3174 213 3223 German
231 3173 301 3227 tribe,
321 3174 364 3219 but
384 3187 471 3230 appear
486 3180 512 3218 to
531 3171 592 3218 have
611 3172 675 3218 been
691 3185 757 3216 more
778 3169 888 3217 crvilized
907 3169 968 3217 than
987 3171 1032 3220 the

104 3233 188 3289 Suevi,
207 3241 233 3280 to
248 3231 331 3278 whom
348 3231 407 3291 they
418 3245 483 3279 were
500 3229 598 3287 hostile,
617 3230 660 3278 but
676 3231 709 3289 hy
721 3229 804 3277 whom
819 3229 879 3290 they
890 3244 956 3276 were
972 3231 1032 3279 ulti·

104 3293 195 3352 mately
206 3290 325 3340 subdued.
