2250 3736
128 220 184 279 180
424 238 465 279 os
488 237 584 276 annuo
604 237 742 277 ssusrco.

162 352 200 400 17.
223 346 321 398 Castris
344 344 377 397 ad
403 363 465 398 earn
484 354 586 416 partem
611 345 702 416 oppidi
726 345 827 415 positis,
849 346 955 414 Caesar,
976 348 1091 415 qua⁶

134 415 276 469 ntermissa
294 432 310 466 a
328 415 439 467 flumine
456 425 482 467 et
498 412 514 466 a
532 415 631 484 palude
650 416 762 484 aditum,
776 424 805 469 ut
818 433 899 484 supra
911 416 1001 468 dixim
1012 401 1092 468 usi

123 495 265 553 angustum
286 483 411 553 habebat,
432 502 559 552 aggerem
579 502 715 553 apparare,
736 488 831 538 vineas
851 502 940 552 agere,
963 495 987 537 tu
1001 486 1093 533 fres

122 553 190 606 duas
202 555 362 605 constituere
379 557 481 623 eoepit:
501 571 564 605 nam
583 554 787 607 circumvallare
806 555 856 605 loci
876 566 969 606 natura
988 555 1093 622 ps⁰3

121 622 240 676 bibebat.
278 624 317 676 De
342 641 370 674 re
389 623 563 676 frumentaria
583 625 661 676 Boios
680 634 761 693 atque
780 624 890 676 Aeduos
913 622 1094 675 adhortass

121 709 172 745 non
193 693 309 745 destitit:
328 710 442 761 quorum
460 693 544 760 alteri,
564 693 633 762 quod
652 693 725 745 nullo
744 693 830 745 studio
848 694 972 761 agebant,
1009 691 1095 740 11⁰ss

120 763 238 815 multum
261 762 439 831 adjuvabant,
464 763 540 814 alteri
565 780 616 815 non
636 763 742 830 magnis
762 762 954 830 facultatibus²
973 741 1094 830 qu⁰d

120 832 214 884 civitas
231 842 289 883 erat
308 832 403 899 exigua
417 840 443 882 et
456 832 568 901 infirma,
582 833 710 899 celeriter,
725 831 796 900 quod
811 831 969 901 habuerunt,
983 829 1095 880 0⁰1¹·

120 911 281 953 sumserunt.
318 901 429 953 Summa
447 901 605 953 difficultate
625 902 661 953 rei
682 901 871 953 frumentariae
885 900 983 952 affecto
1040 897 1092 961 ΡΞ·

119 972 212 1039 eicite,
236 971 363 1022 tenuitate
385 970 517 1038 Boiorum,
538 971 704 1039 indiligentia
724 970 890 1039 Aeduorum,
913 956 1097 1022 inceudffl

118 1040 311 1107 aedificiorum,
329 1057 414 1107 usque
433 1040 484 1108 eo,⁸
501 1049 531 1091 ut
549 1041 702 1109 complures
720 1039 778 1092 dies
793 1040 894 1092 milites
909 1026 1096 1092 hument

119 1111 259 1178 caruerint,
274 1118 299 1160 et
313 1126 408 1177 pecore
422 1126 437 1160 e
450 1108 677 1178 longinquioribus
689 1109 756 1160 vicis
773 1109 878 1176 adacto,
893 1101 1097 1162 extreman?

118 1177 218 1231 famem
239 1186 426 1248 sustentarent,
440 1178 512 1230 nulla
525 1186 616 1231 tamen
629 1196 679 1231 vox
692 1188 733 1230 est
745 1179 780 1230 ab
793 1180 825 1230 iis
837 1178 939 1247 audita,
954 1196 986 1248 po
995 1154 1098 1243 th

118 1247 229 1300 Romani
258 1247 398 1316 majestate
422 1256 449 1300 et
474 1249 652 1317 superioribus
675 1249 793 1300 victoriis
816 1248 935 1315 indigna.
972 1239 1098 1303 2⁰¹⁰

117 1317 199 1369 etiam
213 1319 310 1369 Caesar
328 1333 411 1384 quum
431 1318 457 1369 in
475 1334 556 1386 opere
574 1318 694 1386 singulas
706 1318 824 1385 legiones
836 1318 1006 1386 appellaret,
1041 1300 1097 1358 3¹²

117 1387 139 1438 si
160 1387 283 1439 acerbius
303 1386 420 1455 inopiam
442 1386 546 1455 ferrent,
569 1404 598 1439 se
619 1387 791 1440 dimissurum
815 1376 1099 1456 oppugnationelfl

116 1455 232 1524 diceret,
252 1455 367 1509 universi
380 1456 414 1508 ab
433 1473 472 1525 eo,
486 1474 520 1508 ne
534 1456 560 1508 id
577 1457 685 1525 faceret,
701 1456 842 1525 petebant:
863 1457 902 1528 sic
922 1473 951 1509 se
970 1445 1099 1508 coss*

116 1525 206 1593 plures
222 1542 306 1577 annos
322 1525 365 1576 illo
378 1526 527 1595 imperante
546 1527 696 1594 meruisse,⁴
708 1534 736 1578 ut
750 1526 850 1577 nullam
865 1522 1027 1593 ignominia

115 1595 276 1663 acciperent,
298 1611 437 1662 nunquam
458 1595 557 1646 infecta
581 1611 609 1648 re
633 1596 818 1649 discederent:
842 1593 895 1646 hoc
920 1613 950 1648 se
971 1578 1101 1662 igne]

115 1663 213 1715 minias
227 1665 325 1716 laturos
338 1665 402 1732 loco,
417 1665 438 1716 si
456 1664 590 1734 inceptam
609 1665 835 1733 oppugnationem
854 1645 1091 1733 reliquisses&
1098 1663 1103 1675 '

114 1742 257 1803 praestare,
271 1750 366 1785 omues
384 1734 501 1802 perferre
519 1734 688 1802 acerbitates,
702 1751 783 1802 quam
802 1750 855 1786 non
873 1734 980 1787 civibus
991 1709 1107 1786 Risi

115 1804 209 1871 manis,
224 1802 269 1871 qui
282 1803 386 1855 Genabi
401 1803 513 1871 perfidia
525 1803 663 1855 Gallorum
676 1804 835 1870 interissent,
849 1796 1106 1885 parentarentsd

115 1870 189 1923 Haeo
208 1872 304 1924 eadem
324 1872 524 1924 centurionibus
543 1873 714 1942 tribunisque
727 1872 845 1925 militum
864 1874 1068 1939 mandabant?

115 1949 143 1992 ut
156 1957 203 2008 per
215 1958 261 1992 eos
273 1941 306 1993 ad
320 1941 464 1994 Caesarem
476 1942 651 1995 deferrentur.

151 2014 190 2062 18.
210 2010 301 2071 Quum
318 2010 374 2078 jam
393 2028 469 2066 muro
487 2019 572 2062 turres
590 2012 854 2081 appropinquassent,
872 2028 906 2063 ex
924 2010 1029 2081 captivis
1089 1990 1123 2052 l»

113 2077 211 2130 Caesar
235 2080 364 2148 cognovit,
390 2080 635 2148 Vercingetorigem
661 2090 799 2133 consumto
826 2080 925 2149 pabulo
952 2091 1030 2133 castra

113 2149 228 2200 movisse
246 2150 355 2219 propius
367 2150 520 2220 Avaricum,
534 2159 615 2218 atque
628 2151 716 2219 ipsum
734 2167 798 2202 cum
817 2150 939 2223 equitatu
957 2168 1030 2218 expe·

112 2215 237 2286 ditisque,
259 2220 304 2286 qui
325 2218 392 2270 inter
411 2219 516 2287 equites
535 2220 656 2287 proeliari
676 2229 857 2288 consuessent,
880 2220 1032 2274 insidiarum

111 2301 193 2338 eausa
207 2305 237 2338 eo
251 2287 408 2366 profectum,
423 2305 475 2356 quo
494 2298 597 2340 nostros
615 2298 719 2358 postero
738 2288 782 2341 die
801 2288 962 2357 pabulatum
974 2308 1033 2343 ven·

111 2361 182 2407 turos
206 2356 385 2408 arbitraretur.
424 2357 528 2414 Quibus
549 2359 629 2410 rebus
648 2359 768 2427 cognitis,
787 2357 879 2410 media
902 2369 982 2411 nocte
1001 2362 1032 2412 si·

98 2421 191 2475 'lenrio
205 2425 346 2494 profectus,
360 2426 394 2477 ad
407 2425 526 2479 hostium
538 2435 623 2479 castra
635 2444 716 2480 mane
734 2427 865 2496 pervenit.
901 2427 952 2495 Illi,
966 2429 1033 2485 cele·

110 2492 172 2545 riter
189 2512 237 2564 per
255 2495 435 2564 exploratores
452 2496 571 2548 adventu
585 2497 705 2549 Caesaris
723 2497 835 2564 cognitu,
849 2513 939 2549 carros
952 2500 1034 2570 impe

110 2598 171 2609 υ-υ-ι

137 2652 144 2678 ¹
155 2650 202 2698 See
213 2650 254 2697 vii.
268 2654 303 2698 15.

134 2723 209 2770 ’Nori
226 2725 320 2785 magnis
334 2724 495 2784 sacerdotebus
513 2724 534 2772 is
551 2725 593 2773 the
610 2725 715 2774 ablativo
732 2726 851 2784 absolute,
873 2726 931 2775 ‘the
952 2729 1036 2779 others

106 2783 247 2842 possessing
259 2785 301 2830 but
313 2783 384 2829 small
399 2784 500 2830 means’

134 2853 237 2959 'aUsque
252 2873 285 2912 eo,
301 2850 413 2903 ‘t00such
425 2872 439 2903 a
449 2855 537 2916 degree
546 2857 563 2914 ς’
581 2856 651 2904 these
663 2857 742 2906 words
753 2857 843 2919 belong
857 2867 884 2908 to
898 2861 981 2921 offecto
997 2880 1035 2911 ee·

106 2927 143 2958 ero
164 2931 187 2959 o.

104 2984 286 3088 in‘mMeruisse,
302 2987 529 3049 supplystipeudio;
544 2989 664 3050 stipendia
672 3006 759 3037 merere
768 2989 900 3052 signitying
911 2997 953 3044 ‘to
964 3009 1035 3044 serve

167 3060 242 3090 eorm
263 3079 269 3092 .

131 3061 310 3164 ⁶Pureutdrent
324 3119 343 3164 is
352 3119 409 3165 here
421 3118 481 3171 used
493 3119 584 3166 instead
597 3119 625 3166 ol
632 3120 672 3168 the
685 3120 810 3174 infinitire.
836 3121 883 3169 See
895 3122 920 3171 ii.
930 3127 967 3182 tu,
977 3135 1035 3175 note

101 3175 124 3228 l,
138 3174 219 3222 where
237 3179 388 3227 rorroeiirerrt
406 3179 426 3225 is
444 3178 572 3237 employed
590 3179 684 3231 instead
701 3181 729 3228 os
742 3183 872 3229 convenire.
905 3182 963 3231 The
974 3188 1034 3234 verb

100 3243 227 3293 parentare
244 3235 361 3293 signifies,
376 3242 415 3283 ‘to
426 3236 531 3295 perform
542 3237 611 3284 those
624 3238 682 3286 rites
694 3239 740 3287 ond
752 3239 831 3287 duties
841 3240 923 3289 which
935 3260 975 3301 are
987 3244 1034 3293 duo

101 3301 125 3339 to
138 3293 177 3339 the
188 3293 268 3350 dead;’
283 3293 359 3340 hence
369 3294 429 3351 also,
442 3301 475 3342 ‘to
484 3296 542 3342 take
550 3311 688 3356 rengeance
696 3297 732 3346 for
738 3298 779 3346 the
787 3298 860 3347 death
867 3300 896 3347 of
903 3317 917 3349 a
924 3305 1032 3361 person!

1107 1859 1113 1888 l
