2250 3736
485 279 577 318 oman
597 277 637 317 v1.
967 258 1023 316 157

86 360 224 439 blbfltud
248 385 404 455 fructusque
428 395 581 438 servantur:
605 394 665 437 uter
689 402 782 438 eorum
805 386 861 439 vita
884 386 1022 454 superarit,

92 435 217 508 'deum
232 474 291 526 pars
309 457 446 523 utriusque
465 473 527 507 cum
544 455 674 508 fructibus
691 456 856 524 superiorum
873 464 1024 524 temporum

97 520 230 630 {librent
265 527 321 578 Viri
345 527 373 576 in
398 542 501 592 uxores,
521 524 590 577 sicut
618 524 645 576 in
671 524 777 595 liberos,
797 525 867 577 vitae
894 525 1023 593 necisque

115 572 204 646 aben,
219 603 394 664 potestatem:
421 603 448 644 et
467 611 550 662 quum
575 603 649 662 pater
667 594 793 664 familiae,
806 595 946 647 illustriore
965 596 1023 646 loco

103 653 192 731 lalus,
204 664 325 733 decessit,
340 663 400 732 ejus
417 664 556 731 propinqui
570 663 738 732 conveniunt,
752 675 787 731 et,
801 664 835 716 de
848 673 933 716 morte
946 665 968 716 si
981 682 1024 717 res
1067 665 1069 669 ’

108 734 130 798 ¹1}
139 733 321 802 suspicionem
334 732 415 800 venit,
429 732 463 782 de
477 733 602 784 uxoribus
617 733 645 784 in
662 733 791 786 servilem
805 733 916 786 modum
928 751 1023 802 quaes·

110 797 204 854 t¹0¹¹t³m
226 803 332 870 habent,
353 811 379 853 et
404 801 426 852 si
451 810 617 869 compertum
642 802 701 871 est,²
718 803 771 870 igni
795 812 876 870 atque
899 804 1024 856 omnibus

59 872 63 880 '
113 867 240 923 tormentis
257 871 425 924 excruciatas
448 869 618 923 interficiunt.
655 871 761 923 Funera
785 881 846 923 sunt
871 888 916 939 pro
940 872 1025 925 cultu⁸

114 930 236 1010 Gallorum
254 941 396 1008 magnifica
412 948 439 991 et
455 948 607 1008 sumtuosa,
626 941 775 1010 omniaque,
787 957 856 1008 quae
866 941 934 993 vivis
950 940 1024 995 cordi

115 999 187 1060 lutose
210 1010 375 1078 arbitrantur,
401 1009 428 1061 in
454 1010 543 1076 ignem
570 1010 694 1078 inferunt,
716 1010 801 1063 etiarn
823 1011 964 1062 animalia:
990 1028 1024 1062 ac

114 1076 191 1142 paullo
208 1097 286 1148 supra
305 1079 376 1131 hanc
393 1078 562 1130 memoriam⁴
581 1078 650 1131 servi
668 1089 695 1130 et
714 1079 833 1148 clientes,
853 1096 920 1147 quos
937 1080 973 1132 ab
991 1081 1024 1132 iis

112 1142 212 1267 (biplectos
223 1166 283 1201 esse
295 1148 441 1217 constabat,
454 1147 541 1216 justis⁶
552 1147 691 1201 funeribus
707 1148 843 1218 confectis,
857 1165 910 1200 una
922 1166 1023 1202 crema·

142 1224 203 1270 ntur.

140 1290 178 1339 20.
195 1287 270 1344 Quae
286 1287 409 1339 civitates
426 1285 603 1338 commodius⁰
617 1303 693 1338 suam
709 1303 765 1340 rem
784 1287 919 1356 publicam
938 1287 1023 1339 admi-

105 1353 210 1407 nistrare
229 1357 422 1423 existimantur,
444 1355 544 1407 habent
565 1355 670 1422 legibus
689 1365 820 1424 sanctum,
834 1357 857 1408 si
876 1357 938 1424 quis
958 1357 1023 1425 quid

102 1424 136 1476 de
154 1442 180 1477 re
198 1426 305 1494 publica
322 1443 339 1476 a
357 1425 479 1477 finitimis
503 1441 608 1476 rumore
627 1442 660 1476 ac
678 1425 751 1478 sama
768 1428 910 1495 acceperit,
930 1428 968 1478 uti
987 1419 1043 1479 ad*

99 1495 283 1562 magistratum
302 1495 413 1563 deferat,
433 1511 502 1546 neve
521 1510 584 1545 cum
601 1510 654 1561 quo
673 1494 725 1546 alio
739 1496 931 1547 communicet:
951 1495 1022 1564 quod

98 1580 180 1632 saepe
198 1563 321 1616 homines
340 1565 496 1615 temerarios
514 1572 595 1631 atque
620 1564 756 1631 imperitos
780 1564 854 1615 falsis
873 1566 1022 1616 rumoribus

97 1633 189 1685 terreri
207 1640 234 1684 et
252 1634 286 1684 ad
304 1632 410 1684 facinus
428 1632 538 1700 impelli,
553 1640 579 1683 et
597 1631 631 1683 de
650 1634 763 1684 summis
782 1633 861 1685 rebus
879 1633 1021 1686 consilium

94 1719 194 1770 capere
207 1703 345 1769 cognitum
357 1710 407 1753 est.
445 1702 625 1769 Magistratus,
637 1717 706 1770 quae
720 1703 776 1754 visa
790 1712 858 1770 sunt,
872 1703 1021 1770 occultant;

93 1788 220 1840 quaeque
239 1788 299 1823 esse
318 1788 353 1823 ex
370 1788 419 1823 usu
437 1769 620 1839 judicaverint,
641 1769 804 1823 multitudini
823 1772 943 1839 produnt.
980 1773 1021 1825 De

93 1857 123 1894 re
136 1840 245 1908 publica
258 1840 311 1892 nisi
323 1841 379 1907 per⁷
391 1840 535 1892 concilium
549 1840 620 1908 loqui
633 1857 684 1892 non
697 1841 860 1893 conceditur.

130 1915 174 1961 21.
193 1910 321 1962 Gennani
337 1909 454 1961 multum
468 1909 503 1961 ab
520 1909 779 1962 hacconsuetudine
796 1909 937 1963 differunt:
958 1928 1021 1965 nam

91 1995 184 2047 neque
215 1978 328 2030 Druides
353 1977 461 2045 habeut,
486 1980 532 2045 qui
559 1978 638 2030 rebus
664 1979 763 2031 divinis
788 1981 912 2048 praesint,
931 1997 1020 2048 neque

91 2048 234 2100 sacrificiis
252 2048 380 2099 student.⁵
415 2048 531 2099 Deorum
550 2065 661 2099 numero
679 2066 725 2100 eos
744 2049 813 2100 solos
831 2050 941 2118 ducunt,
954 2067 1021 2117 quos

90 2125 207 2170 cernunt
223 2126 249 2168 et
266 2134 380 2184 quorum
398 2128 489 2184 aperte
508 2117 603 2184 opibus
620 2117 751 2186 juvantur,
772 2119 859 2170 Solem
879 2129 905 2171 et
923 2119 1020 2170 Vulca-

90 2189 172 2240 num⁹
183 2194 210 2237 et
222 2187 343 2238 Lunam:
363 2186 479 2254 reliquos
491 2203 524 2237 ne
537 2185 610 2238 sama
622 2187 731 2254 quidem
745 2190 934 2256 acceperunt.¹⁰
958 2189 1020 2241 Vita

90 2256 183 2308 omnis
195 2256 222 2308 in
235 2255 422 2328 venationibus
439 2264 520 2323 atque
538 2255 566 2307 in
585 2255 682 2307 studiis
694 2258 731 2308 rei
750 2256 871 2309 militaris
883 2257 1018 2310 consistit:

123 2426 131 2453 ¹
141 2423 267 2471 Rationem
275 2426 364 2480 habere,
380 2429 419 2471 ‘to
428 2424 555 2472 calculate'
566 2441 592 2472 or
604 2426 709 2474 ‘reckon
717 2426 733 2483 ς’
740 2428 841 2532 1[ructas
851 2427 871 2474 is
883 2432 888 2453 ⁴
897 2427 1016 2477 interest!

122 2483 268 2589 'Suppllwd‘
277 2483 330 2589 tipplt
342 2483 486 2589 spplichhwap
497 2484 628 2590 suspected
637 2486 653 2541 ;’
667 2501 737 2533 name
750 2501 773 2545 y,
785 2486 837 2533 that
849 2487 891 2534 the
903 2487 959 2534 wife
970 2488 1017 2540 had

90 2543 323 2660 ca{leeliioirsideiing
334 2558 375 2648 dhe
386 2559 523 2648 infaniiriir
534 2579 614 2649 which
624 2602 665 2649 the
678 2601 755 2650 Gauls
768 2603 833 2651 live!

121 2659 208 2739 ‘Ther
220 2660 249 2716 is,
266 2665 322 2707 ‘not
334 2659 390 2720 long
401 2660 483 2708 before
495 2660 536 2708 the
547 2661 606 2708 time
618 2661 646 2709 of
658 2662 738 2709 which
749 2679 787 2710 we
804 2663 866 2718 have
882 2679 930 2723 any
940 2663 1016 2714 recol·

91 2718 313 2837 hommum
329 2792 369 2824 are
386 2777 457 2825 those
469 2777 562 2825 funeral
578 2778 637 2826 rites
650 2778 738 2835 which,
752 2782 785 2839 by
796 2780 837 2834 the
849 2780 909 2828 lawe
921 2781 949 2829 of
961 2781 1016 2832 reli·

90 2837 161 2898 gion,
175 2837 232 2896 they
245 2851 309 2906 were
321 2837 418 2904 obliged
430 2846 455 2883 to
468 2836 581 2894 perform.

103 2895 310 3003 hgncgrtrplmepglww
331 2895 383 2942 that
402 2911 432 2952 rs,
456 2896 567 2952 ‘better,’
588 2911 615 2944 or
635 2901 716 2944 ‘more
736 2896 884 2957 regularly?
908 2899 1014 2959 hemely,

90 2963 108 3083 t·
120 2989 255 3080 'Perhere
267 3011 407 3079 designares
418 3012 477 3080 both
489 3013 530 3060 the
542 3029 643 3061 manner
653 3013 700 3062 and
711 3029 765 3073 way
778 3013 802 3061 in
812 3014 902 3073 which,
915 3016 962 3064 end
973 3017 1016 3066 the

90 3071 543 3190 ἱᾞῇἶὲιχὶῗτοέἆεῗιῗζὲῗινῐέεέἓῗοιῐὲἒτ
552 3146 592 3177 ure
601 3130 660 3190 they
668 3130 741 3179 much
751 3131 824 3191 given
832 3140 858 3180 to
866 3134 988 3182 sacrifices
995 3136 1013 3193 ς’

89 3193 188 3241 studere
199 3189 341 3294 signifying,
356 3194 395 3235 ‘to
407 3205 495 3256 pursue
508 3189 602 3294 &hilp
612 3190 673 3237 with
684 3190 753 3237 zeah'

118 3250 130 3276 ⁹
146 3247 268 3296 Vulcanus
282 3264 302 3294 rs
315 3258 322 3293 l
343 3262 355 3293 e
368 3247 588 3305 persomlicauono
610 3248 661 3295 lire.

117 3311 137 3339 ¹⁰
151 3312 158 3333 ⁴
168 3307 222 3355 The
234 3307 306 3354 other
317 3305 377 3366 gods
390 3307 448 3367 they
460 3306 491 3354 do
502 3316 543 3354 not
556 3307 630 3354 know
641 3322 703 3364 eren
714 3307 775 3358 from
785 3306 906 3371 hearsay!

182 3377 210 3423 ll
