2250 3736
522 260 613 299 mnas
634 261 655 299 1.
1013 237 1052 296 53

164 361 249 416 oronim
258 365 330 421 telum
340 367 366 420 in
374 366 466 420 hostes
476 366 625 437 rejicerent.
653 367 724 419 Nam
734 375 784 418 etsr
797 365 855 418 sine
867 364 921 418 ullo
933 363 1051 434 periculo

164 427 253 496 legionis
266 436 379 490 delectae
396 455 459 490 curn
472 439 593 506 equitatu
612 437 741 505 proelium
761 435 816 487 lore
828 436 946 503 videbat,
960 443 1051 488 tamen

164 503 348 559 conninendom
361 524 414 559 non
427 507 545 576 putabat,
559 515 587 559 ut
607 506 690 574 pulsis
702 505 823 558 hostibus
835 505 889 557 dici
902 512 992 573 posset
1004 520 1052 557 eos

164 566 194 617 ab
208 587 229 621 se
243 591 280 642 per
295 577 387 630 fidem¹
405 577 430 628 in
450 576 578 644 colloquio
591 575 796 628 circumventos.
833 575 1010 642 Posteaquam
1023 573 1051 626 in

158 636 352 712 rolgnmflitum
370 645 473 698 elatum
492 655 540 714 est,
553 661 607 714 qua
625 645 772 712 arrogantia
791 645 817 697 in
833 644 964 711 colloquio
976 642 1051 696 Ario·

164 716 230 760 ustus
239 729 291 766 risus
302 716 375 767 omni
388 715 475 768 Gallia
487 715 613 768 Romanis
625 714 803 766 interdixisset
826 715 1010 781 impetumque
1024 714 1051 765 in

164 784 241 852 nostros
255 783 307 852 ejus
323 785 429 853 equites
443 785 578 852 fecissent,
592 800 677 851 eaque
696 799 739 834 res
757 752 919 851 colloquium
938 791 966 834 ut
983 782 1051 834 dire·

163 857 240 927 mutel,
255 854 333 906 multo
357 853 442 923 major
461 853 584 906 alacritas
607 852 779 922 studiumque
803 851 940 922 pugnandi
962 850 1053 921 majus

163 922 261 972 exercitui
271 923 396 992 injectum
410 934 460 975 est.

190 989 222 1037 47.
244 990 321 1046 Biduo
344 1001 404 1061 post
428 991 578 1044 Ariovistus
603 990 638 1043 ad
662 991 806 1043 Caesarem
829 990 931 1058 legatos
953 989 1052 1045 mittit:

163 1050 216 1104 velle
229 1075 252 1110 se
267 1061 300 1113 de
317 1061 360 1114 his
378 1061 467 1129 rebus,
480 1078 548 1130 quae
568 1062 692 1114 intereos
709 1061 753 1128 agi
770 1070 881 1129 coeptae
894 1075 982 1127 neque
994 1076 1052 1128 per·

162 1115 228 1176 leone
242 1138 333 1198 essent,
347 1148 428 1199 agere
445 1148 508 1184 curn
527 1146 573 1183 eo:
593 1131 631 1183 uti
648 1138 695 1181 aut
714 1129 811 1182 iterum
828 1129 896 1181 collo
916 1129 960 1180 uio
979 1128 1052 1180 diem

162 1194 309 1272 constitueret,
322 1210 377 1266 aur,
392 1200 414 1253 si
428 1200 454 1252 id
468 1200 556 1252 minus
567 1199 657 1267 vellet,
671 1216 686 1250 e
706 1199 762 1251 suis
780 1199 875 1266 legatis
886 1145 1004 1264 aliquem
1016 1197 1051 1250 ad

161 1271 294 1321 semineret.
318 1268 491 1338 colloquendi
501 1269 607 1321 Caesari
615 1285 697 1320 causa
704 1269 762 1320 visa
769 1284 821 1320 non
830 1277 871 1319 est
880 1277 906 1319 et
915 1282 947 1317 eo
957 1267 1050 1337 magis,

160 1331 213 1392 (ludi
227 1337 303 1403 pridie
322 1338 382 1408 ejus
399 1339 453 1391 diei
470 1339 596 1391 Germani
616 1337 721 1390 retineri
739 1354 791 1389 non
805 1344 933 1405 poterant,
947 1336 1010 1405 quin
1024 1336 1052 1389 in

104 1435 107 1440 ·
159 1407 237 1477 ¹¹⁰³lr0s
251 1407 301 1460 tela
322 1408 494 1478 conjicerent.
529 1407 695 1475 Legatume
713 1407 770 1459 suis
789 1423 850 1458 sese
870 1413 1061 1484 magnacum

160 1474 250 1543 miscuo
270 1477 304 1530 ad
327 1495 390 1530 eum
415 1477 560 1530 missurum
580 1485 608 1528 et
628 1476 780 1529 hominibus
800 1475 864 1527 laris
883 1475 1051 1544 objecturum

160 1541 307 1610 eastimabat.
345 1546 599 1600 Commodissimum
617 1546 706 1598 visum
726 1554 767 1597 est
787 1545 816 1598 C.
832 1544 969 1597 Valerium
990 1545 1050 1596 Pro·

159 1602 245 1680 collum,¹
254 1615 385 1668 CValerii
393 1615 490 1668 Caburi
507 1615 601 1680 filium,
615 1631 723 1667 summa
735 1615 831 1666 virtute
844 1623 870 1666 et
883 1614 1050 1666 humanitate

158 1671 335 1753 adolescentem,
346 1685 423 1754 cujus
436 1695 510 1753 pater
521 1702 537 1736 a
550 1685 578 1736 C.
587 1684 692 1736 Valerio
702 1683 807 1736 Flacco³
818 1683 925 1736 civitate
938 1683 1052 1735 donatus

158 1751 205 1813 ⁸¹³¹,
217 1761 238 1803 et
254 1764 358 1823 propter
378 1754 459 1807 fidem
480 1762 506 1806 et
526 1762 630 1823 propter
649 1754 756 1821 linguae
768 1753 886 1806 Gallicae
899 1753 1049 1822 scientiam,

156 1821 197 1873 ‘lla
210 1823 292 1875 multa⁴
303 1823 359 1895 jam
379 1824 528 1876 Ariovistus
546 1823 688 1891 longinqua
707 1823 898 1875 consuetudine
918 1822 1050 1892 utebatur,

155 1884 246 1957 etquod
265 1893 290 1946 in
309 1911 341 1946 ao
361 1893 490 1962 peccandi
509 1893 651 1945 Germanis
668 1909 751 1945 causa
769 1909 819 1944 non
838 1901 917 1960 esset,
933 1893 967 1944 ad
986 1909 1051 1945 eum

154 1957 244 2029 mittere,
257 1972 282 2016 et
294 1965 418 2016 Marcum
432 1963 568 2030 Mettium,
582 1962 627 2029 qui
647 1962 759 2030 hospitio
772 1962 897 2014 Ariovisti
916 1962 1050 2015 utebatur.

173 2033 191 2070 ¹⁸
204 2034 339 2101 mandavit,
353 2041 382 2084 ut
400 2049 470 2100 quae
488 2031 588 2083 diceret
601 2031 756 2096 Ariovistus,
771 2041 959 2098 cognoscerent
972 2040 999 2084 et
1016 2031 1051 2083 ad

150 2095 174 2132 ὅθ
190 2097 312 2173 referrent.
349 2101 422 2160 Quos
442 2118 506 2153 cum
525 2100 596 2168 apud
618 2117 647 2152 se
666 2100 693 2152 in
713 2100 808 2152 castris
824 2101 972 2152 Ariovistus
990 2118 1050 2152 con·

147 2163 266 2238 desisset,
288 2172 407 2224 exercitu
428 2187 475 2223 suo
496 2178 636 2238 praesente
656 2169 847 2222 conclamavit:
875 2170 943 2227 Quid
965 2170 999 2221 ad
1020 2187 1051 2223 sa

145 2229 267 2294 ‚vendenti
285 2258 318 2293 ao
333 2239 488 2308 speculandi
500 2239 601 2291 causa?
630 2239 762 2292 Conantes
774 2238 864 2290 dicere
877 2238 1010 2307 prohibuit
1023 2252 1051 2292 et

141 2297 165 2337 ¹¹¹
178 2312 276 2363 catenas
288 2309 410 2379 conjecit.

133 2368 208 2476 0:⁸-
226 2379 328 2433 Eodem
349 2379 393 2430 die
414 2385 501 2430 castra
520 2377 650 2446 promovit
667 2385 694 2429 et
707 2377 818 2430 milibus
833 2393 961 2447 passuum
974 2395 1021 2430 sex
1033 2395 1051 2430 a

172 2448 250 2501 esaris
271 2449 366 2501 castris
390 2449 440 2501 sub
464 2455 554 2499 monte
584 2447 712 2499 consedit.
749 2448 879 2499 Postridie
908 2445 968 2516 ejus
996 2448 1051 2500 diei

127 2500 233 2568 praeter
249 2527 336 2571 castra
355 2517 477 2570 Caesaris
495 2533 558 2568 suas
575 2516 666 2583 copias
684 2515 799 2568 traduxit
816 2526 843 2568 et
864 2516 973 2569 milibus
991 2533 1050 2585 pas-

124 2567 208 2633 ⁸⁰⁰¹¹1
220 2586 324 2641 duobus
336 2586 404 2639 ultra
417 2603 479 2639 eum
492 2596 578 2638 castra
590 2585 663 2655 lecit,
676 2601 708 2637 eo
726 2585 845 2656 consilio,
858 2586 897 2638 uti
915 2585 1050 2638 frumento

121 2686 1052 2736 R—-———

106 2770 230 2882 „fiiPer
238 2801 325 2861 fidemr
343 2798 449 2857 namely,
467 2800 571 2846 hostibus
590 2801 682 2854 datam
700 2798 799 2855 thetis,
817 2807 841 2846 at
857 2814 872 2846 a
888 2798 947 2845 time
964 2797 1051 2860 during

170 2847 206 2902 011
218 2859 249 2906 he
261 2874 312 2906 was
324 2857 406 2905 bound
417 2858 450 2917 by
460 2857 498 2905 his
509 2858 614 2916 promise
626 2867 651 2904 ιο
663 2858 758 2904 abstain
768 2857 829 2905 from
840 2857 980 2904 hostilities.

96 2899 393 3038 ‘hzffffessffiffidbgathe
405 2945 472 2978 same
483 2945 510 2977 as
521 2929 563 2977 the
576 2930 606 2977 C.
614 2929 727 2978 Valerius
739 2929 858 2978 Procillus
870 2929 1011 2978 mentioned
1025 2929 1051 2986 in

129 3027 144 3056 ι
202 3024 209 3036 .
352 3024 357 3036 .

85 3068 134 3123 in·
158 3043 200 3104 Ο·
212 3061 325 3109 Valerius
337 3059 441 3108 Flaccus
456 3059 502 3108 had
515 3062 577 3108 been
588 3075 707 3120 governor
717 3058 745 3107 of
756 3059 798 3107 the
814 3059 928 3119 province
944 3058 972 3106 ol
986 3058 1051 3108 Gaul

120 3103 171 3190 4⁸·
191 3133 218 3168 e.
230 3124 268 3169 83.
301 3120 349 3167 See
362 3119 413 3167 Cic.
428 3137 472 3182 pro
486 3119 570 3180 Quint.
582 3123 620 3168 76.

76 3175 269 3288 ιξῆέιΐιιὶιαρ
284 3193 391 3253 namely,
402 3196 495 3256 lingua.
520 3195 603 3242 Multa
614 3195 700 3254 lingua
711 3195 750 3241 ati
759 3193 779 3241 is
788 3193 830 3242 the
839 3210 906 3242 same
916 3209 942 3261 as
950 3195 1051 3245 maltam

162 3255 268 3360 neserga,
284 3260 325 3302 ‘to
337 3253 409 3301 make
420 3253 493 3302 much
503 3269 547 3302 use
559 3253 587 3301 ol
598 3269 613 3301 a
624 3253 793 3313 language’-‘
801 3264 826 3301 to
837 3252 914 3313 speals
924 3261 942 3299 ιι
953 3251 1035 3300 often?
