2250 3736
473 260 563 300 ursan
583 261 626 303 tv.
954 237 1009 297 109

113 363 191 431 neque
205 367 250 422 ulla
272 367 368 421 nostris
386 367 500 420 facultas
517 377 563 420 aut
581 365 783 419 administrandi
801 373 846 418 aut
864 363 1009 417 auxiliandi

109 419 214 490 dabatur.
253 439 439 508 Compluribus
458 438 571 489 navibus
591 436 680 488 [raetis
700 435 817 504 reliquae
837 452 898 487 curn
919 444 1009 486 essent

119 501 209 577 unibus,
221 511 320 560 ancoris
338 508 498 576 reliquisque
516 505 690 558 armamentis
708 505 814 556 amissis
831 504 865 555 ad
885 504 1009 570 navigan·

102 559 170 624 dun
186 578 290 646 inutiles,
312 586 418 645 magna,
440 577 466 628 id
487 576 557 645 qnod
578 592 689 627 necesse
709 583 764 626 erat
784 573 916 642 accidere,
930 573 1009 626 totius

100 643 223 714 exereitus
245 647 407 716 perturbatio
432 645 502 698 sacta
526 655 575 696 est.
612 646 708 713 Neque
732 643 804 695 enirn
829 660 912 694 naves
935 651 1009 694 erant

98 701 176 782 altae,
192 717 285 784 quibus
305 715 430 785 reportari
451 724 565 784 possent,
587 724 614 766 et
633 713 723 765 omnia
746 713 863 780 deerant,
885 728 954 780 quae
975 711 1009 764 ad

11 780 13 805 ²
97 777 247 851 ¹'eiciendas
270 802 354 837 naves
383 796 457 836 erant
482 785 548 852 usui,
574 792 601 835 et
624 781 695 851 quod
724 780 848 834 omnibus
871 782 1009 834 constabat

95 831 203 906 humari
214 856 238 907 in
252 855 340 908 Gallia
351 864 479 924 oportere,
492 853 658 906 frumentum
670 851 712 904 his
724 851 750 904 in
763 851 828 904 locis
846 852 872 904 in
891 852 1011 905 hiemem

93 918 225 977 Provisum
236 942 288 976 non
302 933 367 977 erat.

136 989 169 1046 30.
185 994 287 1053 Quibus
311 993 391 1046 rebus
415 992 526 1060 cognitis
549 991 683 1060 principes
702 989 863 1054 Britanniae,
884 990 929 1058 qui
952 999 1011 1059 post

87 1055 218 1116 poenum
236 1063 270 1116 ad
290 1065 435 1116 Caesarem
457 1071 644 1129 convenerant,
664 1060 731 1112 inter
749 1077 778 1112 se
797 1059 928 1126 collocuti,
947 1077 1012 1114 curn

85 1126 193 1189 equites
210 1142 237 1185 et
256 1150 340 1185 nares
358 1140 386 1183 et
404 1131 570 1184 frumentum
587 1130 713 1184 Romanis
723 1127 820 1181 deesse
832 1128 1012 1196 intelligerent
1088 1185 1092 1198 ,

82 1197 121 1239 ⁰²
132 1204 291 1264 paucitatem
310 1201 427 1254 militurn
439 1218 474 1253 cx
485 1211 632 1253 castrorum
649 1199 795 1266 exiguitate
813 1207 1010 1268 cognoscerent,

77 1264 159 1323 quae
182 1272 240 1324 hoc¹
261 1281 336 1324 erant
359 1271 441 1322 etiarn
465 1271 624 1338 angustiora,
642 1268 712 1336 quod
736 1269 793 1320 sine
813 1267 1012 1336 impedimentis

106 1344 186 1394 aesar
210 1341 332 1409 legiones
357 1348 586 1409 transportaverat,
606 1339 739 1406 optimum
761 1338 834 1390 sactu
860 1354 920 1388 esse
946 1336 1012 1390 dux·

72 1403 164 1473 efunt
185 1410 332 1463 rebellione
353 1409 423 1461 facta
444 1409 577 1461 frumento
601 1417 808 1476 commeatuque
831 1417 933 1459 nostros
955 1423 1012 1475 pro-

70 1453 179 1533 hthere
192 1490 219 1531 et
233 1497 290 1532 rem
311 1479 339 1530 in
358 1479 478 1531 hiemem
496 1478 641 1547 producere
663 1477 732 1545 quod
754 1477 796 1529 his
815 1478 947 1543 superatis
965 1486 1012 1530 aut

68 1539 172 1619 r‘Qlitu
198 1549 352 1601 interclusis
376 1548 513 1600 neminem
532 1560 625 1616 postea
642 1516 708 1598 belli
731 1546 862 1599 inferendi
883 1563 964 1597 cansa
985 1547 1011 1600 in

66 1591 253 1671 Britanniam
283 1617 454 1670 transiturum
483 1616 660 1669 confidebant.
708 1615 802 1683 Itaque
833 1631 922 1667 rursus
950 1631 1011 1668 con·

61 1677 217 1739 iuratione
231 1687 302 1739 facta
314 1685 444 1755 paulatim
457 1702 492 1738 ex
503 1686 597 1738 castris
614 1685 752 1738 discedere
764 1701 797 1736 ac
809 1700 872 1736 suos
888 1684 959 1736 clam
977 1701 1012 1739 ex

60 1748 157 1811 agris
170 1757 314 1809 deducere‘
329 1763 482 1824 coeperunt.

113 1824 164 1878 31.
182 1828 219 1879 At
242 1827 349 1893 Caesar,
374 1825 425 1876 etsi
449 1824 568 1877 nondum
592 1839 684 1876 eorum
707 1820 820 1876 consilia
843 1832 1009 1892 cognoverat,

58 1877 178 1948 taluen
190 1906 217 1947 et
229 1912 265 1947 ex
281 1906 381 1946 eventu
400 1894 520 1946 navium⁸
532 1909 640 1945 suarum
661 1900 687 1945 et
706 1909 741 1944 ex
760 1908 800 1960 eo,
813 1892 884 1961 quod
903 1894 1012 1946 obsides

57 1944 151 2016 dare
164 1964 370 2031 intermiserant,
384 1963 439 2015 sore
452 1963 486 2032 id,
500 1962 571 2031 quod
582 1962 686 2029 accidit,
700 1961 893 2030 suspicabatur.
917 1962 1011 2032 Itaque

57 2020 111 2075 ad
139 2050 235 2086 omnes
251 2049 332 2085 casus
349 2031 475 2099 subsidia,
492 2030 683 2099 comparabat.⁴
717 2031 787 2083 Nam
807 2039 833 2083 et
847 2030 1012 2085 frumentum

59 2097 116 2144 εἰ
148 2104 216 2170 agris
239 2101 360 2170 quotidie
382 2102 406 2154 in
428 2110 515 2153 cestra
539 2099 692 2152 conferebat
712 2109 739 2152 et
759 2116 828 2168 quae
851 2102 1011 2168 gravissime

57 2159 202 2224 flfflictae
228 2180 304 2224 erant
324 2187 414 2240 naves,
429 2187 523 2223 earum
540 2169 654 2221 materia
672 2178 753 2238 atque
773 2186 835 2221 aere
848 2170 881 2221 ad
896 2170 1012 2238 reliquas

60 2231 248 2302 reficiendas
267 2239 392 2292 utebatur
404 2250 431 2293 et
444 2256 513 2308 qnae
534 2239 567 2290 ad
590 2255 637 2290 eas
657 2256 699 2290 res
718 2246 793 2290 erant
814 2239 882 2306 usui,
896 2256 930 2291 ex
949 2256 1011 2291 con·

60 2294 182 2360 tutenti
206 2327 264 2362 corn
286 2310 365 2362 ortari
388 2308 507 2378 jubebat.
552 2308 647 2376 Itaque
670 2324 732 2359 curn
757 2324 862 2360 summo
887 2308 974 2360 studio
994 2325 1011 2360 a

62 2369 218 2432 militibus
240 2397 257 2430 a
279 2379 475 2447 ministraretur,
501 2393 551 2430 xrr.
575 2377 690 2430 navibus
712 2377 826 2446 arnissis,
852 2376 959 2445 reliquis
983 2385 1011 2430 ut
1096 2441 1098 2445 y

65 2439 209 2514 navigari
222 2447 365 2501 commode
383 2457 479 2516 posset,
494 2447 594 2499 effecit.

122 2513 169 2566 32,
185 2518 257 2570 Dum
274 2533 307 2568 ea
324 2526 459 2586 geruntur,
478 2516 584 2582 legione
610 2532 646 2567 ex
669 2514 862 2568 consuetudine
886 2531 940 2568 una
959 2514 1011 2567 lru·

70 2577 239 2639 mentatum
257 2586 348 2655 missa,
366 2603 435 2655 quae
454 2584 639 2655 appellabatur
657 2585 779 2655 septima,
798 2601 886 2653 neque
903 2584 958 2637 ulla
976 2583 1011 2638 ad

74 2684 1011 2724 μὴ,

78 2760 135 2863 ,hg
142 2764 200 2828 Hoc:
212 2772 261 2819 this
273 2770 378 2820 ablative
389 2772 410 2821 is
421 2773 462 2821 the
474 2789 541 2821 seme
552 2789 579 2821 as
587 2782 685 2835 propter
693 2777 740 2830 hoc,
752 2776 845 2821 oritano
854 2776 882 2821 ob
891 2790 950 2830 rem;
963 2773 1011 2823 and

148 2823 267 2891 following
279 2832 349 2878 etiam
359 2831 380 2878 is
392 2831 432 2879 the
444 2848 511 2879 same
523 2847 550 2879 as
564 2832 645 2880 ‘still.'

40 2979 52 2995 x
81 2902 253 3022 fitaspqasmelp,
266 2932 336 2976 away
347 2916 408 2985 from
419 2918 482 2965 their
492 2918 587 2976 homes,
600 2918 647 2967 and
659 2928 683 2966 to
694 2919 787 2978 aplsce
798 2917 879 2966 which
890 2918 968 2980 might
979 2919 1010 2968 be

183 2991 277 3036 ormtng
288 2975 356 3023 illem
368 2987 417 3024 tnto
429 2993 459 3024 all
470 2993 546 3037 army.

81 3045 242 3161 haiffimm
258 3064 367 3132 rrooiunr,⁴
385 3063 438 3132 tlrst
448 3064 484 3144 js,
498 3066 523 3112 id
535 3067 597 3126 quod
613 3074 720 3113 euenerat
731 3066 841 3123 nauibus,
856 3065 932 3119 ‘from
943 3066 1009 3116 what

163 3122 272 3180 appened
283 3133 308 3170 to
320 3122 358 3170 hrs
369 3122 445 3182 shrps.

77 3233 90 3278 b
108 3187 120 3214 ⁴
132 3193 249 3253 Sasima
260 3206 317 3254 here
334 3221 374 3254 are
386 3216 428 3254 not
439 3208 569 3264 subsides,
579 3209 622 3256 but
633 3224 708 3315 ererp
718 3208 852 3257 assistance
867 3209 920 3258 that
937 3211 1009 3260 could

91 3252 108 3284 ⁸
121 3248 231 3311 deviem
241 3266 336 3326 egsinst
347 3280 394 3325 any
405 3265 499 3313 sudden
509 3267 628 3315 outbrealr
639 3267 667 3315 of
679 3278 687 3314 t
707 3283 720 3315 e
731 3265 837 3317 Britonsr

180 3353 207 3398 1⁰
