2250 3736
104 215 161 276 1⁰0
405 235 447 274 nu
468 235 565 275 saeuo
587 233 726 274 estmoe.

123 360 185 396 uam
205 359 266 395 esse
284 340 390 412 imperii
408 351 455 396 aut
474 343 614 412 potestatis
632 353 704 396 trans
720 339 846 394 Rhenum
862 338 1056 410 postularet

103 360 166 467 ituit
185 423 286 480 autern,
299 413 346 481 qui
364 412 410 464 uni
429 429 464 464 ex
482 411 694 465 Transrhenanis
711 411 745 462 ad
765 411 909 464 Caesarem
929 410 1007 477 legat:
1027 422 1056 452 ⁴

103 484 239 550 miserant,
259 482 406 534 amicitiam
431 481 559 551 fecerant,
580 482 689 535 obsides
706 480 844 547 dederant,
865 496 1018 548 magnope-

103 552 221 620 orabant‚
237 560 265 604 ut
278 551 327 603 sibi
341 551 473 604 auxilium
486 553 574 619 serret,
588 552 658 620 quod
677 551 793 620 graviter
811 548 846 602 ab
862 549 958 602 Suevis
969 562 1056 618 pr-

103 632 255 689 merentur;
275 620 318 672 vel
337 621 358 672 si
373 622 399 674 id
414 621 503 672 lacere
522 623 743 690 occupationibus
760 619 798 672 rei
817 619 952 689 publicae¹
969 630 1056 688 pr·-

103 690 247 758 hiberetur,
268 691 419 743 exercitum
443 690 522 742 modo
546 690 672 744 Rhenum
697 698 902 759 transportaret:
922 688 951 740 id
975 688 1054 738 εἰ.

103 759 137 812 ad
150 761 283 812 auxilium
295 776 427 828 spemque
447 760 542 828 reliqui
562 761 689 829 temporis
708 760 774 812 satis
792 758 921 811 futurum.
958 758 1056 809 Ta...-

103 840 162 882 tum
186 847 246 882 esse
271 846 369 882 nomen
394 839 475 898 atque
494 830 647 899 opinionem
665 829 725 899 ejus
743 829 878 882 exercitus
895 826 1056 881 ΑήονίΞ

102 899 179 968 pulso
192 909 219 951 et
232 899 283 951 hoc
295 899 440 951 novissimo
453 899 552 967 proelio
562 899 633 952 facto
644 900 727 951 etiam
739 899 784 951 ad’
795 898 905 951 ultimas
915 898 1056 950 Geru—

102 985 197 1021 norum
211 971 339 1034 nationes,
354 970 392 1021 uti
410 969 534 1037 opinione
553 979 580 1022 et
598 969 718 1021 amicitia
736 967 827 1038 populi
846 967 959 1020 Romani
978 975 1056 1017 t-

103 1055 164 1090 esso
182 1039 293 1107 possint.
329 1039 450 1091 Navium
468 1055 596 1106 magnam
614 1039 721 1108 copiam
738 1039 773 1090 ad
793 1035 1056 1107 transportaudrn

102 1111 251 1160 exercitum
264 1107 466 1176 pollicebantur.

141 1183 180 1230 17.
200 1179 299 1230 Caesar
324 1177 365 1230 his
389 1178 424 1230 de
448 1177 544 1246 causis,
564 1195 633 1245 quas
656 1174 876 1243 commemoravi,
901 1173 1056 1227 Rheni:

102 1248 214 1299 transire
233 1248 397 1316 decreverat,
418 1247 465 1300 sed
485 1247 599 1300 navibus
618 1249 728 1300 transire
746 1262 835 1315 neque
854 1244 920 1296 satis
938 1252 1056 1296 tuti:

102 1333 163 1369 esse
176 1316 354 1369 arbitrabatur
366 1334 455 1386 neque
468 1334 532 1369 suae
547 1333 635 1385 neque
690 1315 745 1384 puli
763 1315 877 1368 Romani
890 1313 1056 1381 dignita-..-

101 1402 162 1438 esse
175 1385 317 1438 statuebat.
355 1386 457 1455 Itaque,
468 1387 518 1438 etsi
532 1403 639 1439 summa
671 1384 797 1439 ifficultas
809 1383 926 1437 faciendi
939 1400 1056 1452 por-

100 1456 305 1523 proporrebatur'
317 1466 423 1524 propter
433 1456 608 1524 latitudinem,
620 1455 789 1524 rapiditatem
798 1453 1056 1520 altitudinem(-

100 1524 229 1593 fluminis,
244 1534 334 1576 tamen
356 1525 382 1576 id
402 1525 452 1578 sibi
472 1525 697 1592 contendendum,
717 1533 763 1578 aut
781 1524 859 1576 aliter
872 1540 922 1576 non
937 1531 1056 1575 trau:

100 1595 218 1647 cendum
237 1594 386 1647 exercitum
404 1595 585 1648 existimabat.
621 1596 764 1648 Rationem
787 1595 877 1663 pontis
899 1592 968 1645 hanc
1054 1599 1056 1604 “

100 1664 195 1716 stituit.
232 1664 318 1732 Tigna
330 1663 392 1716 bina
405 1664 622 1733 sesquipedalia‚⁴
634 1664 745 1732 paulurn
757 1663 792 1716 ab
805 1665 858 1716 imo
872 1670 1056 1732 praeaet-

99 1732 224 1785 dimensa
241 1733 275 1785 ad
294 1733 464 1786 altitudinem
484 1735 611 1804 fluminis,
632 1733 771 1785 intervallo
791 1732 892 1802 pedum
910 1731 1056 1784 duos-a·

99 1801 168 1854 inter
188 1819 218 1855 se
235 1802 374 1873 jungebat.
413 1804 486 1855 Haec
505 1821 569 1856 curn
588 1802 833 1856 machinationibus
854 1801 976 1855 immissa

99 1872 201 1924 flumen
215 1872 346 1925 defixerat
359 1873 516 1941 fistucisque
534 1872 662 1941 adegerat
681 1889 732 1924 non
752 1872 874 1925 sublicae
893 1869 972 1924 modo
1054 1886 1056 1894 ·

99 1952 172 1994 recte
185 1941 219 1993 ad
233 1942 465 2011 perpendiculum,
480 1942 528 1994 sed
540 1959 622 2011 prone
640 1959 674 1994 ac
686 1941 818 2011 sastigate,
833 1951 862 1994 ut
875 1939 975 1994 secund
986 1943 1056 1977 ‘¹

97 2021 222 2064 naturam
241 2012 362 2064 fluminis
380 2011 594 2081 procumberent,
613 2012 657 2064 his
675 2012 741 2065 item
759 2011 890 2073 contraria
913 2010 966 2062 duo

97 2081 217 2134 eundern
236 2081 347 2134 modurn
371 2081 464 2152 juncta
483 2082 622 2133 intervallo
643 2081 743 2150 pedum
760 2082 965 2202 quadragenum

97 2150 222 2203 inferiore
235 2161 310 2219 parte
327 2160 419 2203 contra
431 2153 490 2203 vim
507 2160 589 2220 atque
608 2152 741 2218 impeturn
782 2151 879 2203 uminis
897 2145 1056 2202 convefl

97 2220 243 2273 statuebat.
281 2221 356 2272 Haec
375 2221 499 2289 utraque⁶
517 2222 626 2289 insuper
644 2220 815 2289 bipedalibus
835 2220 955 2273 trabibus
975 2203 1050 2268 ξ

97 2290 196 2358 missis,
222 2302 354 2358 quantum
380 2307 472 2342 eorum
498 2290 631 2358 tignorum
654 2289 779 2359 junctura
803 2289 928 2357 distabat,
954 2283 1056 2340 bi)

97 2359 234 2428 utrimque
247 2359 338 2412 fibulis
350 2359 385 2412 ab
398 2369 520 2411 extrema
539 2369 614 2428 parte
633 2359 844 2427 distinebantur3
861 2358 960 2428 quibus
971 2336 1056 2408 ὦ

98 2428 184 2481 clusis
195 2437 277 2497 atque
290 2429 318 2481 iu
331 2430 490 2481 contrariam
504 2439 607 2497 partem
625 2429 752 2481 revinctis
770 2437 844 2481 tanta
862 2437 920 2481 erat
938 2424 1056 2496 opff

125 2549 190 2598 ¹Rei
205 2551 313 2612 publicae
331 2549 351 2597 is
370 2549 412 2598 the
431 2551 552 2610 objective
572 2551 692 2611 genitive:
711 2553 744 2612 by
763 2551 805 2599 the
824 2552 1022 2612 occupationr

96 2609 177 2658 which
189 2609 219 2656 he
232 2624 283 2655 was
295 2609 405 2669 engaged
416 2609 453 2657 sor
464 2609 504 2656 the
516 2611 632 2668 republic.

126 2682 185 2751 ”Ad
200 2682 220 2729 is
237 2681 294 2750 here
306 2681 367 2730 used
379 2682 403 2729 in
414 2683 456 2730 the
467 2697 539 2730 sense
551 2682 579 2730 ol
586 2685 663 2745 apud‚·
681 2683 725 2730 but
736 2685 768 2730 ad
783 2691 808 2731 at
824 2682 866 2731 the
883 2698 951 2731 same
965 2667 1033 2729 τί
1043 2673 1056 2707 ¹

96 2741 259 2849 pppttqrrppetgre
271 2742 333 2798 idea,
346 2742 396 2789 that
408 2742 523 2791 Caesar's
534 2742 598 2790 farne
609 2741 657 2790 had
664 2746 805 2804 penetrarat
815 2752 838 2791 to
847 2742 889 2790 the
900 2751 965 2791 most

125 2875 338 2936 'Properantem
356 2874 409 2921 that
421 2874 450 2929 is,
466 2877 531 2922 ‘was
542 2873 627 2932 placed
638 2872 719 2921 before
731 2873 769 2922 his
781 2872 863 2935 eyes3’
872 2873 986 2934 namely,

96 2933 167 2982 those
179 2934 260 2980 whom
272 2933 303 2980 he
315 2932 452 2988 consulted‚
466 2934 512 2980 and
524 2933 580 2981 who
592 2933 664 2980 knew
675 2933 717 2980 the
728 2933 779 2981 real
790 2944 852 2981 state
864 2933 893 2982 of
904 2930 1056 2994 mirga·

125 3006 208 3053 ⁴Two
226 3005 274 3053 leet
293 3007 338 3054 and
356 3023 370 3054 a
386 3005 444 3062 half,
458 3006 564 3066 hemely,
577 3006 602 3054 in
618 3006 759 3054 thickness:
774 3008 826 3066 just
842 3022 870 3055 as
887 3007 977 3062 below,
1009 2995 1050 3035 ί

96 3068 172 3113 trabes
182 3067 297 3125 bipedales
310 3081 349 3112 are
361 3067 446 3113 beams
457 3065 485 3112 of
496 3073 546 3113 two
558 3065 605 3114 leet
617 3066 642 3113 in
653 3065 787 3114 thickness.

125 3137 263 3196 ‘Namely‚
275 3137 345 3205 those
357 3138 382 3184 in
393 3139 434 3185 the
446 3153 522 3197 upper
533 3138 579 3185 and
590 3138 632 3186 the
644 3139 719 3187 lower
728 3149 781 3198 part
792 3138 820 3188 of
827 3139 869 3186 the
880 3139 953 3188 river.
970 3113 1050 3186 '1'

96 3196 147 3245 real
158 3207 242 3242 nature
254 3195 282 3243 of
293 3195 342 3243 thrs
353 3197 438 3256 bridge
450 3208 537 3245 cannot
550 3199 580 3245 be
592 3197 720 3246 described
730 3214 798 3246 more
810 3198 901 3259 clearly
910 3199 935 3247 in
946 3209 1010 3246 wo
1019 3185 1056 3249 ξ

97 3255 156 3302 than
167 3265 184 3301 rt
197 3255 217 3302 is
229 3254 291 3301 done
303 3254 360 3301 here
373 3257 405 3314 hy
416 3256 508 3304 Caesar
519 3256 622 3304 himself
625 3271 632 3314 ;
651 3259 693 3305 but
710 3258 752 3306 the
769 3258 881 3306 annexed
891 3274 923 3306 en
954 3266 1003 3306 Ν
1014 3251 1056 3289 ¹*

97 3314 149 3362 will
162 3313 218 3374 serp
230 3313 416 3374 toerprunnre
428 3315 534 3376 chapter.
567 3316 622 3365 rue
638 3317 707 3377 praee
718 3318 801 3368 nuere
812 3317 862 3368 turs
878 3318 915 3367 arr
932 3334 963 3380 ge
974 3303 1056 3358 οὔ
