2250 3736
132 230 172 288 30
437 253 475 290 or.
497 251 593 290 anano
614 251 751 290 eannrco.

132 356 198 410 nihil
210 374 270 410 esse
284 358 386 428 reliqui.
417 359 522 418 Quibus
535 359 614 411 rebus
625 358 758 410 adductus
770 359 862 410 Caesar
879 375 929 411 non
944 376 1044 428 exspeo

132 426 244 479 tandum
258 427 307 480 sibi
321 429 420 498 statuit,
434 431 499 482 durn
511 429 635 483 omnibus
647 428 757 480 fortunis
770 428 901 482 sociorum
913 445 1044 498 oonsump

132 497 167 549 tie
179 497 205 548 in
218 497 346 549 Santonos
357 499 473 550 Helvetii
486 498 663 566 pervenirent.

171 571 210 618 12.
230 565 344 620 Flumen
363 575 404 619 est
422 570 506 635 Arar‚¹
524 567 594 635 quod
608 584 655 635 per
667 567 734 618 fines
747 567 903 619 Aeduorum
916 575 943 618 et
956 567 1056 635 Sequa·
1112 615 1117 625 ,

132 651 227 688 norum
247 636 272 687 in
291 637 450 690 Rhodanum
469 638 562 705 influit,
576 636 726 688 incredibili
741 636 858 703 lenitate,
872 637 908 687 ita
921 649 949 688 ut
962 637 1055 705 oculis,

132 705 160 757 in
172 714 258 757 utram
271 715 375 774 partem
388 707 460 775 fluat,
473 705 586 776 judicari
598 723 648 758 non
662 705 752 774 possit.
782 705 812 758 Id
825 705 942 757 Helvetii
956 706 1056 758 ratibus

132 791 173 837 ao
183 774 305 826 lintribus
322 775 421 844 junctis
442 775 596 828 transibant.
631 775 684 828 Ubi
703 792 750 843 per
768 775 946 842 exploratores
958 775 1058 826 Caesar

133 843 228 896 certior
239 843 326 896 factus
339 854 379 897 est
393 854 445 897 tres
455 845 510 914 jam
521 854 610 913 partes
619 845 755 914 copiarum
764 844 902 895 Helvetios
914 844 940 895 id
953 844 1055 896 flumen

133 913 291 982 traduxisse,
302 923 424 982 quartam
435 931 497 966 vero
506 924 610 984 partem
619 915 684 966 citra
696 914 798 965 flumen
811 914 916 966 Ararim
926 913 1056 982 reliquam

42 1046 46 1054 Ι
132 998 201 1050 esee,
216 982 260 1034 de²
272 984 350 1035 tertia
358 984 447 1051 vigilia
460 1001 523 1036 curn
535 983 684 1050 legionibus
693 983 777 1035 tribus
786 999 801 1034 e
811 983 1056 1051 castris⁸profectus

130 1051 166 1102 ad
179 1068 240 1103 earn
254 1061 356 1121 partem
369 1055 497 1122 pervenit,
507 1070 577 1121 quae
590 1053 707 1104 nondum
720 1052 822 1104 flumen
835 1053 981 1103 transierat.
1001 1052 1056 1103 Eos

131 1119 275 1188 impeditos
296 1130 323 1173 et
343 1123 509 1191 inopinantes
529 1122 674 1190 adgressus
694 1139 819 1188 magnam
841 1129 944 1189 partem
963 1137 1055 1173 eorum

68 1197 73 1212 ³
131 1189 262 1242 concidit:
288 1190 381 1259 reliqui
406 1209 466 1244 sese
491 1191 571 1257 fugae
592 1191 751 1243 mandarunt
771 1199 852 1258 atque
873 1189 899 1241 in
921 1191 1057 1258 proximas

131 1258 213 1310 silvas
236 1259 405 1312 abdiderunt.
442 1263 467 1313 Is
490 1278 576 1330 pagus
598 1260 783 1329 appellabatur
806 1260 965 1327 Tigurinus5
992 1277 1056 1311 nam

130 1329 219 1380 omnis
232 1329 325 1381 civitas
337 1329 461 1382 Helvetia
473 1332 500 1382 in
512 1339 625 1399 quatuor
636 1347 718 1398 pagos
731 1329 817 1380 divisa
830 1337 878 1380 est.
907 1329 957 1379 Hic
970 1345 1058 1396 pagus
1082 1345 1084 1348 ’

130 1415 208 1466 unus,
223 1415 286 1450 cum
304 1398 383 1450 domo
402 1400 509 1468 exisset,
523 1408 629 1467 patrum
647 1406 794 1451 nostrorum
807 1398 938 1450 memoria
949 1399 979 1448 L.
993 1397 1056 1463 Cas-

130 1467 202 1519 sium
215 1468 352 1520 consulem
366 1468 534 1520 interfecerat
547 1478 573 1520 et
586 1468 645 1536 ejus
655 1467 800 1519 exercitum
810 1467 860 1519 sub
872 1466 965 1535 jugum
974 1465 1056 1538 mise·

128 1536 191 1588 rat.⁴
226 1536 266 1589 lta
286 1538 342 1589 sive
362 1555 435 1606 casu,
449 1539 505 1590 sive
526 1538 634 1589 oonsilio
653 1537 763 1588 deorum
772 1536 969 1602 immortalium,
984 1553 1056 1604 quae

129 1621 192 1683 pars
205 1606 321 1658 civitatis
333 1607 473 1659 Helvetiae
485 1608 617 1674 insignem
630 1606 813 1658 calamitatem
827 1606 923 1674 populo
936 1607 1056 1657 Romano

129 1674 264 1744 intulerat,
279 1692 311 1727 ea
324 1677 446 1744 princeps
458 1693 558 1744 poenas
570 1675 704 1745 persolvit.
740 1674 800 1733 Qua
812 1675 839 1727 in
852 1692 878 1727 re
892 1676 989 1727 Caesar
1001 1690 1056 1727 non

130 1744 217 1798 nolum
227 1744 355 1813 publicae,
366 1745 505 1797 sedetiam
519 1748 635 1814 privatas
649 1744 758 1813 injurias
770 1745 842 1796 ultus
855 1753 902 1812 est,
911 1743 981 1812 quod
995 1742 1056 1812 ejus

130 1814 215 1866 soceri
227 1815 257 1866 L.
271 1814 383 1866 Pisonis³
394 1832 483 1884 avum,
497 1815 527 1866 L.
542 1816 665 1867 Pisonem
684 1814 811 1883 legatum,
825 1814 944 1882 Tigurini
956 1812 1056 1865 eodem

129 1883 230 1953 proelio
252 1899 304 1951 quo
317 1883 439 1936 Cassium
451 1884 647 1937 interfecerant.

168 1956 207 2004 13.
253 1969 285 2003 oc
302 1953 403 2020 proelio
421 1952 491 2005 facto
510 1954 626 2022 reliquas
643 1953 734 2021 copias
750 1951 933 2004 Helvetiorum
951 1958 979 2002 ut
992 1967 1055 2002 con·

130 2020 207 2089 sequi
219 2029 316 2089 posset,
328 2030 435 2089 pontem
449 2022 474 2074 in
485 2023 568 2074 Arare
581 2023 736 2074 faciendum
749 2030 824 2074 curat
836 2030 917 2089 atque
931 2021 966 2074 ita
978 2037 1055 2072 exer-

130 2090 214 2142 citum
234 2089 355 2142 traducit.
392 2091 509 2143 Helvetii
533 2091 669 2159 repentino
694 2090 753 2159 ejus
776 2091 892 2142 adventu
917 2089 1053 2156 commoti,

129 2175 193 2211 cum
207 2159 241 2228 id,
255 2160 324 2228 quod
337 2159 388 2227 ipsi
400 2160 496 2213 diebus
508 2178 553 2214 xx.
563 2161 712 2228 aegerrime
725 2161 902 2227 confecerant,
913 2168 941 2211 ut
951 2159 1055 2211 flumen

129 2229 278 2298 transirent,
293 2229 370 2281 illum
387 2246 440 2282 uno
459 2229 503 2281 die
516 2229 613 2282 fecisse
626 2229 814 2298 intelligerent,
827 2228 930 2297 legatos
941 2227 974 2279 ad
988 2244 1054 2280 eum
1086 2240 1089 2246 '

158 2416 167 2444 ¹
176 2413 232 2461 The
243 2413 306 2462 river
315 2415 379 2462 Arar
390 2415 410 2462 is
421 2414 463 2462 the
475 2413 575 2462 modern
585 2414 673 2469 Saone,
684 2414 765 2462 which
774 2414 843 2462 flows
853 2413 903 2463 into
912 2412 953 2460 the
964 2412 1054 2461 Rhone

128 2482 154 2521 et
170 2473 261 2532 Lyons.
293 2473 317 2520 It
332 2473 434 2529 formed,
452 2483 478 2521 to
494 2489 508 2521 a
524 2473 690 2521 considerable
706 2483 799 2528 extent,
813 2473 854 2529 the
871 2472 998 2530 boundury
1010 2473 1052 2520 be·

128 2542 210 2580 tween
226 2532 267 2579 the
288 2531 395 2590 Sequani
412 2532 459 2579 and
474 2532 566 2588 Aedui,
585 2532 686 2582 whence
697 2535 762 2594 fines
780 2533 837 2580 here
856 2532 901 2579 has
917 2531 949 2579 its
965 2546 1054 2590 proper

128 2591 250 2650 meaning,
266 2591 423 2650 ‘boundary.’

156 2663 219 2716 ,¹De,
233 2662 306 2710 when
318 2662 402 2723 joined
417 2662 478 2711 with
494 2663 575 2711 words
590 2663 733 2724 expressing
748 2663 816 2719 time,
835 2661 952 2710 indicates
968 2661 1022 2709 that
1038 2678 1053 2711 a

128 2731 181 2782 pert
192 2721 220 2769 of
227 2722 279 2769 that
290 2722 349 2770 time
361 2722 382 2769 is
393 2732 464 2780 spent
476 2723 548 2782 along
555 2722 615 2770 with
626 2722 667 2769 the
679 2723 737 2770 time
748 2721 828 2770 which
839 2720 943 2768 follows.
965 2721 1053 2769 Hence

129 2780 280 2828 Caesarhere
292 2792 329 2829 set
340 2790 383 2828 out
395 2780 476 2828 before
487 2782 528 2828 the
540 2781 604 2829 tlird
613 2781 693 2828 wetch
704 2797 755 2828 was
767 2790 791 2828 at
803 2796 833 2828 an
843 2779 899 2827 end.
932 2779 987 2826 The
1000 2778 1052 2827 Ro·

127 2855 198 2888 mans
209 2839 306 2887 divided
316 2840 380 2887 their
391 2839 473 2899 nights
485 2840 535 2887 into
546 2840 600 2887 four
610 2841 716 2902 vigiliae,
727 2839 808 2887 which
820 2838 921 2887 differed
932 2839 956 2885 in
965 2838 1053 2900 length

128 2897 256 2958 according
267 2909 292 2946 to
303 2899 344 2946 the
356 2914 444 2946 season
455 2898 482 2946 of
490 2899 530 2945 the
542 2915 607 2959 year.

157 2969 214 3017 ’He
226 2970 273 3018 hed
284 2966 381 3029 pirched
392 2971 430 3019 his
441 2971 627 3030 head-quartem
638 2971 663 3019 in
673 2970 715 3019 the
726 2971 839 3030 territory
850 2969 879 3018 of
890 2970 931 3018 the
949 2971 1052 3032 Segusi-

128 3030 176 3086 eni,
189 3031 302 3077 between
313 3030 354 3077 the
367 3030 454 3077 Rhone
466 3030 513 3078 and
525 3031 564 3078 the
577 3030 665 3079 Saone.
697 3031 744 3078 See
756 3031 825 3091 chap.
838 3033 875 3087 10,
888 3029 966 3078 infin.

156 3102 222 3150 ‘See
234 3101 303 3160 chep.
314 3107 337 3151 7.

157 3173 268 3231 'Caesen
282 3176 305 3222 in
318 3191 341 3222 a.
350 3190 370 3222 c.
383 3179 422 3231 59,
435 3175 482 3223 had
498 3176 602 3224 married
619 3176 760 3236 Calpurnia,
773 3175 814 3223 the
825 3174 946 3236 daughter
961 3173 990 3224 of
1003 3176 1067 3226 Lu·.

127 3236 179 3283 cius
192 3236 259 3289 Piso,
272 3235 357 3282 consul
368 3235 392 3282 in
404 3250 427 3281 a.
437 3250 457 3282 c.
470 3239 507 3282 58.
540 3235 595 3284 The
613 3236 671 3285 Piso
683 3236 738 3284 who
754 3235 802 3284 hed
818 3237 880 3283 been
891 3234 1006 3285 defeated
1021 3239 1053 3298 by

126 3293 170 3340 the
182 3293 295 3353 Tigurini
306 3309 357 3341 was
369 3293 410 3341 the
421 3293 575 3352 grandfather
585 3293 613 3342 of
622 3294 736 3344 Caesar'e
747 3293 924 3344 lether-inlaw
