2250 3736
110 251 150 312 st
412 271 454 312 aa
475 271 574 310 suano
595 270 734 313 asiarco.

110 389 167 432 erat
185 396 283 448 magno
301 380 361 433 usui
381 397 423 432 res
441 389 599 450 praeparata
616 397 633 431 a
650 380 753 448 nostris,
768 379 853 432 falces
866 394 989 450 praeacu‘

109 453 225 503 insertae
244 451 404 518 adfixaeque
423 450 557 519 longuriis,
578 467 631 502 non
654 449 771 502 absimili
790 450 875 502 forma
893 451 989 502 murali

109 520 238 572 salciam.¹
257 522 305 572 His
318 537 381 572 cum
394 519 479 589 lunes,
490 521 536 589 qui
548 533 690 572 antemnas
702 519 736 571 ad
750 521 836 572 malos
847 520 989 572 destinabat

109 590 296 658 comprehensi
320 591 482 659 adductique
501 601 583 658 erant,
604 591 709 657 navigio
734 591 816 642 remis
834 591 940 642 incitato
959 607 989 658 pr

110 660 308 729 rumpebantur.
345 659 448 717 Quibus
466 660 580 712 abscisis
592 670 737 712 antemnae
750 661 900 712 necessario
912 659 989 711 conci

108 729 181 799 bant,
196 741 232 798 ut,
247 748 311 783 cum
323 731 410 782 omnis
422 730 531 782 Gallicis
550 730 665 782 navibus
684 747 747 799 spes
760 730 787 781 in
799 730 867 782 velis
885 745 989 781 armam

108 801 195 868 tisque
209 802 373 866 consisteret,
389 799 431 852 his
443 801 541 868 ereptis
554 801 641 851 omnis
653 817 718 852 usus
729 801 840 852 navium
850 816 901 852 uno
915 808 989 867 temp

108 872 263 938 eriperetur.
300 870 445 937 Reliquum
463 880 519 922 erat
538 879 676 922 certamen
696 871 810 938 positum
824 871 852 922 in
864 870 964 936 virtute,
984 889 989 914 r

107 943 187 991 nostri
201 940 301 992 milites
320 940 398 991 sacile
419 940 589 1008 superabant,
602 948 683 1007 atque
696 957 728 991 eo
741 940 836 1007 magis,
850 940 919 1008 quod
933 939 958 990 in
968 953 989 988 c

107 1021 202 1078 spectu
215 1011 337 1063 Caesaris
354 1023 435 1078 atque
454 1011 541 1062 omnis
559 1010 695 1061 exercitus
713 1027 756 1060 res
773 1010 921 1077 gerebatur,
934 1017 961 1060 ut
976 1023 989 1058 1

107 1079 164 1132 lum
176 1081 254 1148 paulo
268 1081 361 1132 lortius
373 1079 475 1131 sactum
487 1079 571 1131 latere
584 1087 690 1148 posset;
708 1095 803 1131 omnes
815 1080 886 1131 enim
900 1077 988 1131 colles

107 1149 165 1201 loca
184 1152 326 1219 superiora,
342 1150 412 1201 unde
431 1158 488 1201 erat
506 1151 670 1219 propinquus
689 1149 834 1218 despectus
853 1149 982 1217 inmane,

106 1222 225 1273 exercitu
240 1221 407 1273 tenebantur.

144 1296 183 1342 15.
204 1289 330 1359 Disjectis
342 1299 369 1340 ut
383 1288 501 1341 diximus
519 1289 661 1357 antemnis,
681 1305 745 1340 cum
764 1287 883 1356 singulas
899 1287 985 1340 binae

105 1367 196 1412 ternae
211 1378 293 1411 naves
308 1361 547 1428 circumsteterant,
561 1359 663 1412 milites
682 1376 790 1410 summa
804 1358 829 1409 vi
843 1353 989 1409 transcend

104 1429 130 1481 in
146 1430 261 1481 hostium
274 1446 358 1481 naves
371 1429 578 1482 contendebant.
615 1427 689 1486 Quod
704 1440 847 1497 postquam
856 1427 959 1480 barbari
975 1423 989 1476 ί

103 1500 357 1568 animadverterunt,
372 1501 531 1567 expugnatis
543 1498 725 1567 compluribus
741 1498 864 1566 navibus,
878 1515 940 1548 curn
952 1495 984 1548 ei

103 1570 208 1623 nullum
228 1570 385 1638 reperiretur
403 1569 541 1639 auxilium,
559 1568 623 1636 suga
641 1568 757 1620 salutern
776 1578 867 1636 petere
887 1577 989 1619 conten

103 1649 178 1708 runt3
197 1658 229 1692 ac
246 1639 304 1708 jam
322 1638 458 1691 conversis
477 1639 502 1690 in
522 1648 707 1707 campartem
726 1638 847 1706 navibus,
862 1638 922 1706 quo³
934 1650 989 1688 ven

102 1708 214 1778 serebat,
229 1719 302 1761 tanta
315 1710 402 1762 subito
415 1708 530 1761 malacia
543 1727 575 1760 ac
589 1708 775 1776 tranquillitas⁴
788 1711 897 1774 exstitit,
911 1717 939 1759 ut
952 1720 989 1759 se

102 1777 160 1830 loco
174 1797 344 1831 commovere
357 1796 408 1831 non
422 1789 537 1847 possent.
575 1778 649 1837 Quae
663 1778 772 1846 quidem
786 1795 830 1829 res
845 1778 879 1830 ad
892 1771 989 1845 negoti

102 1851 299 1902 conficiendum
322 1851 441 1901 maxime
466 1848 516 1901 suit
540 1858 686 1918 opportuna
693 1865 701 1916 3
725 1866 790 1900 nam
809 1849 929 1916 singulas
946 1860 988 1898 no

101 1921 247 1971 consectati
262 1927 490 1988 expugnaverunt,
505 1929 533 1971 ut
547 1935 697 1987 perpaucae
711 1920 830 1970 exomni
844 1934 954 1970 numero
968 1928 989 1966 n

102 1989 136 2040 tis
151 1990 300 2041 interventu
314 1990 348 2041 ad
362 1999 460 2041 terram
474 1989 651 2057 pervenerint,
662 2005 725 2040 oum
738 1987 774 2040 ab
787 1987 852 2041 hora
861 1988 917 2039 fere
926 2000 988 2057 qua

102 2074 185 2127 usque
199 2060 233 2111 ad
247 2060 310 2110 solis
323 2076 447 2110 occasum
461 2068 633 2127 pugnaretur.

141 2135 178 2181 16.
198 2129 256 2188 Quo
275 2130 375 2198 proelio
393 2129 497 2181 bellum
516 2130 680 2180 Venetorum
704 2127 840 2196 totiusque
861 2144 923 2178 orae
948 2138 989 2200 ιη]

100 2197 181 2250 timae
195 2200 348 2251 conlectum
359 2208 408 2251 est.
433 2199 505 2251 Nam
515 2216 578 2250 curn
588 2199 675 2250 omnis
686 2197 821 2266 juventus,
835 2215 931 2249 omnes
944 2205 989 2249 et!

99 2270 228 2334 gravioris
239 2272 343 2336 aetatis,
360 2271 384 2321 in
399 2268 497 2337 quibus
513 2269 612 2336 aliquid
627 2267 729 2320 consilii
747 2276 794 2319 aut
812 2267 951 2334 dignitatis
972 2258 989 2314 s

100 2354 131 2388 eo
150 2349 338 2407 convenerant,
359 2350 417 2391 tum
436 2339 543 2391 navium
565 2338 636 2407 quod
661 2338 760 2406 ubique
780 2337 875 2406 suerat,
896 2338 922 2390 in
945 2349 989 2390 un

99 2405 190 2460 locum
203 2417 363 2478 coegerant,
382 2409 481 2477 quibus
499 2409 609 2460 arnissis
628 2409 721 2476 reliqui
741 2424 830 2475 neque
849 2424 902 2477 quo
918 2425 946 2460 se
963 2419 989 2457 r<

98 2486 200 2548 pererit,
216 2496 305 2546 neque
319 2478 549 2547 quemadmodum
569 2477 667 2546 oppida
680 2477 865 2545 defenderent,
880 2477 989 2531 habebi

98 2545 193 2615 ltaque
207 2565 236 2599 se
250 2566 353 2617 suaque
367 2549 457 2600 omnia
470 2549 577 2600 Caesari
592 2547 761 2600 dediderunt.
798 2547 829 2599 Iu
842 2565 909 2616 quos
921 2563 952 2599 co
975 2555 989 2606 ε

127 2734 133 2759 ¹
144 2731 256 2780 Mmalrs
266 2735 345 2794 scices
358 2749 422 2780 were
435 2734 486 2781 iron
497 2733 576 2781 hooks
588 2732 699 2780 fastencd
710 2742 736 2780 to
747 2731 805 2792 long
815 2732 892 2792 poles,
903 2733 989 2792 byn!⁴

97 2789 125 2837 of
138 2792 219 2840 which
237 2794 277 2840 the
295 2793 364 2840 walls
381 2793 409 2840 of
422 2809 436 2840 a
452 2793 568 2851 besieged
587 2804 655 2840 town
670 2807 735 2839 were
753 2793 836 2851 pulled
852 2791 933 2849 down,
946 2797 989 2838 or

97 2849 224 2900 desenders
237 2852 265 2900 of
278 2853 357 2900 awall
368 2853 475 2912 dragged
486 2853 567 2900 down.

125 2939 274 2990 'Desiluere
284 2943 342 2990 here
353 2942 398 2990 has
410 2942 441 2991 its
453 2941 574 3002 primitive
586 2941 709 3002 meaning,
723 2946 763 2990 ‘to
774 2941 853 3013 susten
864 2941 905 2990 to.⁸

126 3025 135 3054 ⁸
149 3026 213 3086 Qum
232 3029 284 3077 that
296 3030 325 3085 is,
340 3032 367 3078 in
377 3047 455 3090 quom.

126 3119 135 3145 ⁴
146 3116 201 3164 The
213 3125 262 3164 two
275 3118 354 3164 words
365 3121 464 3166 malacia
476 3116 521 3165 and
533 3121 700 3179 tranquillitos
712 3118 809 3178 explain
818 3117 878 3166 euch
889 3116 968 3165 other
981 3119 989 3163 i

98 3176 187 3225 former
199 3176 248 3232 (the
262 3175 345 3223 Greek
356 3182 459 3235 μαλακία)
478 3177 549 3238 being
563 3187 590 3225 ‘a
602 3179 684 3235 calm,¹
699 3179 746 3226 and
762 3178 805 3226 the
822 3179 893 3226 latter
905 3177 945 3224 the
977 3180 989 3213 Ε

98 3253 156 3287 ness
169 3253 232 3294 previ
243 3236 302 3295 iling
313 3236 400 3294 during
412 3252 426 3282 a
437 3237 508 3284 calm.

127 3330 135 3357 ¹
146 3326 211 3375 Tlrat
224 3326 253 3383 is,
267 3324 329 3373 srom
340 3325 414 3375 about
426 3336 468 3374 ten
479 3326 575 3374 o’clock
586 3327 611 3375 in
622 3327 663 3375 the
675 3327 795 3388 morning.
