2250 3736
100 234 140 293 72
403 250 445 290 nn
466 251 563 289 sunno
583 248 719 287 ennnrco.

101 359 209 413 veribus
220 357 266 428 qui
279 365 456 427 superessent,
470 366 500 410 ut
512 375 546 410 ex
558 357 669 426 tumulo,
683 357 738 408 tela
756 356 780 409 in
796 366 899 411 nostros
911 360 1027 432 conjice·

101 437 159 481 rent
172 437 199 480 et
212 429 265 497 pila
279 429 425 495 intercepta
438 428 618 479 remitterent:
632 437 661 479 ut
675 443 725 478 non
739 429 921 497 nequicquam
934 439 1027 484 tantae

101 499 205 551 virtutis
218 497 340 549 homines
356 497 470 565 judicari
488 497 598 548 deberet
619 513 699 548 ausos
717 513 778 548 esse
797 499 909 551 transire
931 499 1026 553 latissi-

101 585 178 620 mum
190 567 298 629 flumen,
312 566 458 618 ascendere
470 566 614 618 altissimas
627 566 705 634 ripas,
720 568 808 619 subire
821 569 1027 635 iniquissimum

101 637 205 688 locum:
231 653 300 706 quae
320 636 410 688 facilia
430 653 464 687 err
484 634 649 688 difficillimis
669 636 752 688 animi
771 638 929 706 magnitudo
952 641 1024 692 rede·

120 708 195 757 erat.¹
599 726 602 732 ·

101 725 118 775 g
138 781 179 827 28.
199 776 255 827 lloc
273 775 372 843 proelio
390 774 460 826 facto
479 783 506 826 ct
524 790 606 842 prope
625 774 658 825 ad
677 774 880 828 internicionem
897 787 978 843 gente
993 795 1026 831 ao

101 847 209 897 nomine
223 845 381 898 Nerviorum
394 845 501 897 redacto
510 843 625 912 majores
637 851 709 911 natu,
719 861 786 912 quos
797 861 851 896 una
863 863 927 899 cum
936 849 1025 915 pueris

101 914 312 983 mulieribusque
326 915 354 966 in
362 914 495 967 aestuaria
504 929 536 964 ac
545 912 657 982 paludes
665 914 792 965 collectos
800 914 963 985 dixeramus,
974 918 1025 969 hac

101 1001 191 1053 pugna
208 986 334 1052 nuntiata,
354 1000 417 1036 curn
435 982 579 1035 victoribus
595 982 661 1034 nihil
679 984 847 1053 impeditum,
861 985 940 1037 victis
959 985 1025 1038 nihil

102 1061 190 1105 tutum
201 1053 396 1121 arbitrarentur,
410 1053 537 1122 omnium,
547 1052 591 1121 qui
605 1062 768 1121 supererant,
777 1070 910 1106 consensu
923 1054 1025 1123 legatos

101 1124 135 1175 ad
149 1124 293 1175 Caesarem
311 1123 440 1174 miserunt
460 1138 542 1191 seque
560 1123 586 1173 ci
602 1121 767 1189 dediderunt,
781 1121 848 1174 etin
859 1141 1023 1176 commemo·

101 1192 185 1244 randa
197 1193 314 1245 civitatis
326 1192 480 1244 calamitate
500 1209 533 1243 ex
552 1191 687 1242 sexcentis
705 1192 739 1243 ad
759 1200 812 1244 tres
831 1203 976 1263 senatores,
991 1211 1024 1248 ex

101 1263 241 1314 hominum
258 1261 367 1313 milibus
382 1279 426 1314 nx.
439 1262 485 1312 vix
496 1260 530 1312 ad
543 1260 708 1329 quingentos,
722 1263 766 1329 qui
784 1278 859 1313 arma
878 1263 948 1314 serre
966 1280 1024 1332 pos·

102 1341 169 1399 sent,
183 1348 243 1383 sese
257 1330 379 1390 redactos
392 1347 452 1382 esse
465 1330 596 1382 dixerunt.
629 1329 701 1386 Quos
713 1331 818 1400 Caesar,
831 1341 859 1382 ut
872 1332 1024 1385 inmiseros

101 1418 133 1453 ac
152 1401 287 1468 supplices
305 1417 369 1452 usus
386 1399 568 1452 misericordia
583 1399 724 1468 videretur,
738 1400 945 1467 diligentissime
964 1419 1023 1454 con·

102 1470 217 1522 servavit
236 1472 343 1537 suisque
362 1469 459 1521 finibus
477 1478 556 1538 atque
576 1468 680 1536 oppidis
698 1469 736 1520 uti
754 1468 838 1538 jussit,
858 1479 885 1522 et
904 1471 1023 1524 finitimis

100 1538 252 1607 imperavit,
262 1551 291 1590 ut
303 1538 338 1591 ab
350 1537 444 1608 injuria
457 1548 483 1591 et
495 1538 629 1590 maleficio
642 1554 670 1588 se
684 1555 798 1606 suosque
810 1540 1001 1607 prohiberent.²

137 1613 179 1660 29.
199 1608 339 1677 Aduatuci,
353 1608 387 1660 de
406 1608 503 1676 quibus
520 1625 599 1676 supra
618 1608 779 1675 scripsimus,
797 1625 881 1676 quum
899 1609 1023 1663 omnibus

100 1679 183 1748 copiis
195 1679 292 1730 auxilio
305 1678 412 1730 Nerviis
424 1677 553 1745 venirent,
568 1676 618 1728 hac
638 1693 726 1744 pugna
745 1678 865 1729 nuntiata
881 1696 914 1730 cx
929 1679 1022 1731 itincre

100 1747 212 1800 domum
225 1755 403 1814 revertenmt3
422 1746 524 1799 cunctis
542 1746 651 1814 oppidis·
664 1745 835 1814 castellisque
848 1747 964 1800 desertis
976 1765 1023 1801 sua

99 1817 189 1869 omnia
203 1817 230 1868 in
240 1834 325 1868 unum
337 1816 473 1885 oppidum³
485 1816 591 1882 egregie
601 1823 695 1868 natura
703 1817 838 1867 munitum
847 1818 1021 1870 contulerunt.

100 1887 176 1945 Quod
196 1903 259 1937 cum
277 1903 311 1937 ex
329 1887 454 1938 omnibus
472 1886 499 1937 in
518 1885 629 1937 circuitu
647 1885 767 1952 partibus
784 1885 930 1938 altissimas
945 1903 1023 1955 mpes

100 1955 296 2023 despectusque
309 1954 429 2023 haberet,
442 1972 496 2007 una
510 1962 631 2022 exparte
650 1954 743 2005 leniter
761 1955 872 2006 acclivis
889 1956 978 2008 aditus
996 1957 1022 2008 in

100 2024 269 2077 latitudinem
287 2018 340 2076 than
358 2025 475 2094 amplius
492 2024 668 2075 ducentorum
685 2023 795 2091 pedum⁴
810 2025 1022 2105 relinquebatdr,

99 2109 182 2162 quem
200 2093 289 2144 locum
306 2093 405 2162 duplici
422 2093 552 2146 altissimo
570 2094 655 2145 muro⁵
672 2093 833 2162 munierant,
853 2103 911 2146 tum
931 2112 1022 2162 magni

98 2161 225 2231 ponderis
241 2179 305 2213 saxa
321 2172 348 2215 et
364 2173 522 2232 praeacutas
535 2162 623 2215 trabes
636 2162 663 2214 in
674 2179 750 2214 muro
763 2161 933 2216 collocarent.
969 2164 1022 2233 Ipsi

99 2240 175 2293 erant
194 2249 228 2284 ex
246 2231 360 2284 Cimbris
378 2233 560 2299 Teutonisque
579 2232 706 2300 prognati,
721 2231 774 2300 qui,
788 2248 853 2284 curn
865 2233 914 2285 iter
926 2235 954 2286 in
966 2250 1022 2302 pro·

98 2300 218 2353 vinciam
235 2310 353 2353 nostram
376 2309 456 2373 atque
480 2301 586 2355 Italiam
609 2300 736 2370 facerent,
756 2301 789 2352 iis
812 2302 1020 2374 impedimentis,

107 2414 180 2424 ρ..-

129 2474 264 2536 ¹Redigere
278 2474 336 2522 here
352 2475 397 2522 has
413 2475 455 2523 the
472 2491 539 2523 same
555 2475 669 2534 meaning
680 2491 706 2522 as
718 2478 822 2533 reddere,
838 2481 880 2524 ‘to
891 2477 984 2535 make,’
996 2492 1022 2526 or

102 2534 210 2594 ‘change
222 2550 236 2581 a
246 2534 316 2594 thing
327 2534 388 2582 from
400 2550 445 2582 one
457 2535 580 2582 condition
592 2544 617 2581 to
628 2534 746 2582 another)

128 2607 300 2655 'Prohiberent
312 2607 369 2654 here
380 2608 483 2667 belongs
492 2618 518 2655 to
526 2607 586 2656 both
595 2624 621 2655 se
631 2607 678 2654 and
689 2624 754 2663 suos,
765 2607 860 2668 though
873 2613 913 2656 ‘to
921 2609 1023 2658 restrain

98 2668 168 2715 one's
187 2666 246 2713 sels’
260 2666 330 2713 alone
349 2682 394 2713 can
413 2668 523 2726 scarcely
540 2669 571 2714 be
590 2666 723 2724 expressed
741 2668 775 2727 by
790 2683 817 2715 ae
831 2671 961 2729 prohibere,
980 2671 1023 2718 but

98 2735 164 2774 must
176 2728 206 2773 be
218 2725 336 2773 rendered
347 2726 425 2773 either
437 2728 468 2785 by
479 2728 598 2774 abstinere
608 2742 634 2773 or
645 2743 671 2774 se
680 2727 806 2773 abstinere.

128 2800 137 2828 ⁸
149 2799 224 2846 What
235 2809 302 2846 town
314 2799 335 2846 is
347 2809 428 2846 meant
440 2799 498 2846 here
510 2799 530 2847 is
540 2800 681 2856 uncertain3
694 2815 763 2846 some
775 2799 871 2847 believe
881 2800 934 2849 that
947 2801 964 2850 it
974 2818 1026 2852 was

98 2858 140 2906 the
157 2858 257 2905 modern
273 2868 339 2906 town
350 2858 378 2905 of
394 2857 499 2914 Namur,
513 2858 560 2906 und
577 2858 659 2905 others
678 2858 749 2906 think
764 2858 817 2906 that
834 2859 851 2906 it
864 2875 917 2908 was
933 2861 1025 2912 Falsis.

98 2918 240 2984 According
251 2927 276 2964 to
287 2918 328 2964 the
341 2916 488 2976 description
506 2917 564 2964 here
580 2918 662 3024 given,
676 2917 694 2965 it
706 2933 757 2965 was
774 2918 882 2966 situatcd
893 2935 926 2966 on
939 2937 953 2968 a
965 2921 1026 2983 lofty

97 2976 166 3031 rock,
180 2975 261 3081 phrph
274 2992 325 3024 was
336 2985 406 3036 steep
417 2992 449 3023 on
461 2976 493 3024 all
505 2976 570 3024 sides
604 2986 631 3024 ut
643 2992 698 3034 one,
711 2977 794 3024 where
805 2977 848 3025 the
860 2978 922 3027 rock
932 2979 1028 3032 formed

98 3046 179 3095 agent
192 3050 205 3081 e
217 3051 229 3082 s
240 3050 293 3093 ope.

126 3108 200 3156 ‘The
212 3108 319 3168 genitive
331 3111 483 3157 ducentorum
491 3112 577 3171 padum
588 3109 608 3157 is
620 3108 742 3170 govemed
753 3109 787 3168 by
797 3111 888 3158 aditus.

126 3181 239 3243 ⁸Duplex
250 3197 332 3248 murus
342 3198 352 3238 ,·
365 3182 436 3230 these
448 3192 498 3230 two
508 3182 588 3229 words
599 3181 670 3238 form,
681 3198 707 3229 as
720 3181 737 3228 it
747 3197 821 3237 were,
832 3182 893 3242 only
902 3200 952 3234 one
964 3187 1021 3239 idea

96 3240 279 3348 pvlpiqpppwthere
291 3255 311 3287 rs
323 3255 354 3288 no
366 3243 489 3300 necessity
501 3241 537 3289 for
548 3241 702 3302 introducing
713 3249 734 3289 et
745 3241 860 3289 between
870 3245 967 3307 duplici
984 3265 1029 3302 sua
