2250 3736
477 247 568 286 arnus
583 244 659 298 rurs
962 225 1015 284 201

93 365 170 426 reut;
196 356 294 409 eadem
318 355 352 408 de
377 355 540 425 profectione
564 355 691 422 cogitans,
711 369 781 422 quae
805 360 867 405 ante
891 359 1019 422 senserat,

93 427 214 493 legiones
232 444 266 478 ex
283 426 378 478 castris
396 427 489 477 eduxit
507 424 650 492 aciemque
674 423 770 474 idoneo
790 422 851 473 loco
875 423 1019 474 constituit.

93 496 187 554 Quum
199 496 398 562 Vercingetorix
416 495 497 546 nihilo
515 493 602 559 magis
620 495 646 544 in
664 509 781 560 aequum
801 492 889 545 locum
909 492 1020 543 descen·

94 565 179 632 deret,
198 564 251 616 levi
270 563 339 615 facto
358 565 473 632 equestri
487 563 585 632 proelio
603 572 683 630 atque
702 565 742 613 eo¹
756 563 881 630 secunde,
896 562 922 613 in
935 571 1021 613 castra

94 635 244 685 exercitum
270 633 380 685 reduxit.
417 634 506 691 Quum
532 631 581 683 hoc
606 632 678 684 idem
702 640 806 699 postero
835 631 878 682 die
903 630 1019 699 fecisset,

95 704 161 754 satis
179 703 212 754 ad
231 703 364 754 Gallicam
376 703 579 754 ostentationem
594 701 769 753 minuendam
781 700 951 768 militumque
965 700 1019 750 ani-

94 789 156 823 mos
168 772 360 823 confirmandos
373 771 475 824 factum
488 765 651 838 existimans,
667 773 694 821 in
706 769 816 821 Aeduos
830 780 915 821 castra
929 770 1020 821 movit.

94 842 139 893 Ne
153 851 208 892 tum
222 842 332 909 quidem
351 842 477 893 insecutis
496 840 624 906 hostibus
639 840 714 890 tertio
733 839 775 890 die
794 838 828 890 ad
847 839 946 890 flumen
961 838 1021 891 Ela-

95 911 153 962 ver²
165 922 273 978 pontem
286 910 377 962 refecit
390 920 470 978 atque
484 911 630 962 exercitum
645 908 801 960 transduxit.

132 984 173 1030 54.
193 980 232 1030 lbi
250 979 434 1030 aVirdumaro
454 989 534 1047 atque
549 978 720 1046 Eporedirige
733 977 836 1029 Aeduis
855 976 1021 1047 appellatus,⁸

95 1047 175 1099 discit
193 1065 256 1100 cum
275 1051 347 1099 omni
365 1049 484 1116 equitatu
498 1049 646 1100 Litavicum
666 1047 700 1098 ad
721 1047 900 1098 sollicitandos
912 1046 1022 1098 Aeduos

94 1116 260 1186 profectum:
285 1134 351 1184 opus
369 1134 429 1168 esse
449 1130 475 1169 et
494 1118 565 1186 ipsos
582 1117 741 1168 antecedere
759 1116 792 1167 ad
812 1116 1022 1168 confirmandam

94 1186 241 1238 civitatem.
280 1187 336 1238 Etsi
355 1186 448 1238 multis
465 1187 519 1256 jam
540 1186 620 1238 rebus
637 1186 776 1254 perfidiam
790 1186 945 1236 Aeduorum
964 1202 1020 1254 per·

95 1265 216 1324 spectem
230 1255 354 1323 habebat,
369 1264 449 1324 atque
463 1257 555 1308 horum
571 1255 689 1306 discessu
704 1255 875 1306 admaturari⁴
887 1254 1020 1305 defectio-

45 1385 49 1391 ,
93 1341 158 1376 nem
171 1327 287 1376 civitatis
300 1326 485 1378 existimabat:
506 1334 596 1377 tamen
616 1341 662 1375 eos
676 1325 827 1376 retinendos
838 1340 889 1375 uon
904 1325 1017 1392 censuit,

94 1410 129 1445 ne
147 1404 193 1445 aut
212 1395 307 1446 inferre
328 1393 450 1462 iujuriam
469 1395 610 1462 videretur,
630 1403 677 1445 aut
695 1394 758 1446 dare
782 1394 884 1445 timoris
901 1393 1020 1461 aliquam

94 1465 283 1531 suspicionem.
321 1464 530 1516 Discedentibus
548 1463 590 1515 his
609 1464 725 1515 breviter
736 1481 784 1515 sua
798 1463 823 1514 in
837 1461 947 1514 Aeduos
965 1478 1021 1514 me·

93 1532 143 1584 rita
157 1534 278 1600 exponit:
298 1534 373 1601 quos⁰
385 1542 411 1584 et
424 1551 505 1601 quam
525 1532 642 1584 humiles
659 1533 815 1601 accepisset,
829 1532 981 1600 compulsos
993 1531 1019 1583 in

93 1601 199 1670 oppida,
219 1603 345 1655 multatos
362 1604 439 1670 agris
461 1603 584 1654 omuibus
603 1603 701 1669 ereptis
720 1603 810 1670 copiis,
832 1600 956 1670 imposito
975 1601 1020 1652 sti·

92 1670 199 1738 pendia,
218 1672 358 1723 obsidibus
376 1689 483 1723 summa
501 1689 563 1723 cum
583 1670 744 1722 contumelia
756 1672 880 1738 extortis,
899 1679 926 1721 et
938 1687 1019 1738 quam

92 1739 120 1790 in
145 1739 276 1792 fortunam
296 1758 431 1808 quamque
456 1741 483 1793 iu
507 1740 715 1809 amplitudinem
737 1740 900 1808 deduxisset,
920 1749 948 1791 ut
968 1757 1019 1791 non

92 1807 180 1861 solum
196 1809 221 1860 in
241 1810 381 1878 pristinum
399 1819 498 1862 statum
515 1810 651 1878 redissent,
668 1809 715 1860 sed
733 1810 852 1861 omnium
870 1818 1020 1877 temporum
1060 1807 1061 1810 '

91 1876 251 1945 dignitatem
274 1888 300 1931 et
324 1879 447 1945 gratiam⁸
469 1879 647 1931 antecessisse
671 1879 831 1930 viderentur.
877 1879 925 1930 His
949 1878 1020 1931 datis

91 1946 233 2015 mandatis,
248 1965 294 1999 eos
306 1949 340 2000 ab
353 1964 383 1999 se
395 1949 504 2001 dimisit.

127 2021 168 2068 55.
188 2017 386 2069 Noviodunum⁷
398 2027 453 2070 erat
473 2017 597 2087 oppidum
612 2017 775 2087 Aeduorum,
789 2018 823 2069 ad
837 2017 856 2069 ri
876 2035 906 2068 as
918 2017 1020 2084 Ligeris

90 2094 237 2152 opportuna
256 2086 313 2138 loco
332 2087 456 2155 positum.
495 2089 553 2139 Huc
566 2087 663 2139 Caesar
675 2104 770 2139 omnes
787 2086 846 2139 obsi
865 2104 895 2137 es
907 2086 1017 2154 Galliae,

90 2153 264 2223 frumentum,
278 2156 421 2225 pecuniam
439 2156 584 2224 publicam,
599 2173 707 2208 suorum
726 2166 806 2224 atque
825 2157 958 2208 exercitus
970 2156 1018 2207 im-

89 2224 308 2291 pedimentorum
331 2243 458 2293 magnam
482 2235 587 2294 partem
617 2226 775 2277 contulerat:
807 2224 859 2276 huc
889 2241 1019 2292 maguum

90 2308 234 2345 numerum
247 2311 382 2363 equorum,
397 2294 476 2363 hujus
494 2294 558 2348 belli
577 2311 658 2347 causa
671 2295 695 2346 in
709 2294 785 2347 Italia
796 2303 877 2361 atquc
891 2293 1019 2361 Hispania

90 2371 236 2432 coemtum,
250 2364 368 2415 miserat.
406 2364 444 2416 Eo
463 2382 548 2433 quum
567 2363 722 2433 Eporedirix
733 2364 960 2432 Virdumarusque
973 2379 1018 2415 ve·

94 2463 159 2471 --·7
172 2465 299 2471 ηιμ-

90 2506 219 2613 t0:11tqae
229 2500 262 2565 eo,
277 2508 340 2558 ‘and
350 2510 402 2557 that
414 2526 428 2558 a
438 2509 574 2558 successful
582 2511 647 2568 one,’
660 2509 773 2572 foretque
781 2511 837 2558 here
849 2509 893 2558 has
904 2509 1017 2568 explana·

130 2582 146 2625 y
157 2582 246 2625 power.

121 2638 188 2686 'See
200 2640 240 2687 vii.
253 2643 291 2697 34,
304 2651 361 2689 note
374 2646 394 2690 1.

121 2711 269 2774 'Appellare
278 2714 336 2762 here
349 2716 392 2763 has
404 2715 445 2763 the
456 2731 528 2764 sense
539 2714 568 2763 os
576 2717 667 2775 alloqui
676 2731 703 2763 or
713 2717 788 2763 adire.

121 2785 306 2841 ⁴Adrnatarari,
320 2803 396 2836 arare
408 2788 477 2844 form,
491 2804 523 2836 on
533 2789 574 2836 the
586 2788 690 2848 analogy
701 2788 729 2835 of
739 2792 856 2845 adamare,
869 2788 1016 2846 addubitare,

91 2843 140 2892 and
151 2845 244 2892 similar
255 2849 335 2894 verbs.
368 2848 423 2895 The
434 2848 583 2907 proposition
593 2851 625 2895 ad
635 2847 792 2906 strengthens
804 2848 845 2894 the
857 2847 978 2907 meaning,
990 2864 1018 2896 so

90 2903 144 2952 that
166 2907 315 2953 admaturari
335 2906 356 2953 is
378 2907 516 2971 equivalent
538 2917 563 2955 to
584 2910 652 2955 valde
672 2908 797 2970 materari,
823 2912 863 2954 ‘to
884 2906 1018 2956 accelerato

91 2961 204 3024 greatly!

121 3039 132 3066 ⁸
144 3036 209 3097 Quos
221 3038 265 3085 has
277 3038 318 3086 the
330 3056 396 3087 same
409 3041 522 3101 meaning
533 3057 560 3088 as
571 3044 660 3101 quales.

122 3114 131 3141 ⁰
143 3113 229 3160 Gratia
241 3113 265 3160 in
276 3130 307 3160 an
318 3116 396 3162 active
409 3132 480 3162 sense
492 3116 511 3163 is
526 3116 668 3163 ‘influence’
681 3131 708 3163 or
721 3115 834 3174 ‘powen’

121 3185 309 3234 'Noviodunum
324 3186 343 3234 is
361 3188 403 3235 the
421 3188 520 3235 modern
537 3199 603 3235 town
620 3187 648 3235 of
663 3188 758 3236 Nevers
776 3204 807 3235 on
824 3188 865 3236 the
877 3187 958 3244 Loire,
971 3188 1018 3239 and

91 3254 157 3292 must
177 3247 207 3291 bc
224 3245 402 3304 distinguished
420 3246 481 3294 from
494 3247 669 3296 Noviodunum
686 3247 714 3294 of
727 3248 768 3294 the
780 3246 911 3307 Bituriges,
925 3247 965 3295 vti.
979 3251 1016 3307 12,
1072 3300 1076 3305 ,

91 3303 139 3353 and
150 3303 212 3352 from
224 3303 250 3352 N
253 3305 400 3354 oviodunum
411 3306 439 3354 of
451 3306 492 3354 the
505 3306 659 3357 Suessiones.
672 3306 713 3353 the
724 3306 826 3354 modern
836 3306 959 3356 Soissons.
