2250 3736
141 107 197 164 182
276 171 281 180 ,
441 123 483 163 os
503 123 601 162 esico
623 124 759 166 amuco.
1064 174 1109 215 s

139 240 305 300 accessisset,
320 233 488 302 persuasum¹
499 230 549 284 loci
562 233 764 304 opportunitate,
777 234 824 303 qui
836 251 867 287 se
879 233 967 304 ipsum
977 187 1117 310 munisz

139 303 210 355 tione
223 301 397 355 defenderet:
417 302 609 371 equitumvero
622 319 732 371 operam
745 320 833 373 neque
846 304 872 357 in
886 305 944 357 loco
956 300 1098 387 palustre

139 372 283 424 desiderari
298 372 433 440 debuisse,
446 373 483 424 et²
495 371 550 424 illic
570 372 653 424 luisse
675 374 778 442 utilem,
793 391 844 443 quo
865 375 918 426 sint
938 371 1053 442 proiecti:
1072 374 1110 405 Ι

139 459 274 494 summam
289 442 393 510 imperii
406 459 435 503 se
448 442 566 494 consulto
585 441 650 494 nulli
669 443 854 497 discedentem
868 443 1015 511 tradidisse,
1028 457 1057 493 ne
1108 475 1117 505 ⁴.

139 511 162 562 is
180 511 361 564 multitudinis
379 512 466 564 studio
484 511 518 564 ad
537 511 721 566 dimicandum
744 513 928 582 impelleretur
934 530 943 581 3
968 512 1010 564 cui
1026 511 1060 564 rei
1110 525 1117 535 ²

138 591 244 702 propter
256 582 337 633 animi
359 581 510 634 mollitiem¹
521 582 628 633 studere
648 600 743 635 omnes
754 583 866 652 videret,
879 583 951 653 quod
970 581 1062 634 diutius

148 651 259 703 arborem
280 651 348 702 serre
369 669 419 702 non
444 665 561 720 possent.
596 651 708 704 Romani
733 654 756 705 si
780 670 843 705 casu
869 651 1063 720 intervenerint,

139 720 276 789 fortunae,
296 722 316 773 si
336 720 453 791 alicujus
472 721 570 773 indicio
582 724 675 791 vocati,
690 723 753 774 huic
771 722 927 775 habendam
946 722 1063 789 gratiam,

139 791 210 859 quod
230 800 257 842 et
278 791 442 859 paucitatem
463 807 556 843 eorum
568 809 603 844 ex
622 791 679 844 loco
701 795 838 860 superiore
858 808 1028 860 cognoscere,
1042 799 1067 842 et

139 862 265 913 virtutem
280 861 421 930 despicere
433 861 581 929 potuerint,
599 862 652 931 qui
667 863 796 915 dimicare
810 879 862 914 non
875 862 943 929 ausi,
958 864 1068 929 turpiter

139 947 169 982 se
184 931 208 982 in
222 939 309 982 castra
329 931 485 998 receperint.
522 931 670 1000 Imperium
688 949 717 984 se
735 932 771 984 ab
789 932 905 984 Caesare
926 948 970 1000 per
987 930 1069 999 prodi-

140 1001 241 1052 tionem
259 1000 372 1052 nullum⁴
384 999 545 1067 desiderare,
559 1001 629 1070 quod
648 1000 749 1055 habere
762 1001 874 1054 victoria
886 1010 987 1071 posset,
1000 1017 1070 1070 quae

138 1069 194 1150 jam
216 1079 288 1122 esset
309 1070 360 1123 sibi
379 1079 461 1139 atque
480 1071 605 1124 omnibus
625 1070 710 1124 Gallis
728 1071 881 1138 explorata:
900 1071 968 1140 quin
988 1072 1070 1124 etiam

139 1141 205 1207 ipsis
218 1141 373 1209 remittere,⁵
385 1140 407 1192 si
426 1140 476 1193 sibi
495 1141 582 1209 magis
600 1140 727 1194 honorem
746 1141 870 1209 tribuere,
884 1157 970 1210 quam
988 1141 1025 1194 ab
1042 1157 1071 1192 se

141 1209 255 1261 salutem
275 1210 398 1278 accipere
412 1210 560 1264 videantur.
595 1209 669 1262 Haec
680 1219 707 1262 ut
716 1211 888 1279 intellegatis,
896 1213 1015 1280 inquit,a
1028 1226 1071 1262 me

140 1279 244 1330 sincere
257 1279 432 1347 pronunciari,
446 1279 538 1332 audite
551 1281 684 1333 Romanos
696 1281 805 1332 milites.
831 1279 959 1332 Producit
972 1297 1070 1348 servos,

140 1365 207 1416 quos
219 1349 243 1400 in
259 1348 428 1416 pabulatione
441 1350 535 1417 paucis
546 1360 608 1401 ante
621 1349 717 1403 diebus
730 1359 874 1418 exceperat
886 1357 914 1401 et
928 1348 1003 1401 same
1017 1350 1072 1400 vin-

140 1419 262 1486 culisque
276 1420 487 1471 excruciaverat.
523 1419 558 1470 Hi
577 1418 634 1487 jam
650 1429 713 1471 aute
733 1419 821 1471 edocti
834 1436 905 1487 quae
918 1417 1072 1487 interrogati

140 1489 354 1556 prorrnnciarent,
373 1488 475 1541 milites
499 1505 528 1540 se
553 1506 613 1540 esse
631 1488 790 1555 legionarios
813 1488 924 1541 dicunt:
952 1488 1027 1541 farne
1045 1497 1073 1540 et

141 1557 229 1626 iuopia
241 1557 372 1610 adductos
384 1558 456 1610 clam
474 1575 509 1611 ex
528 1559 623 1611 castris
641 1558 736 1626 exisse,
751 1557 772 1608 si
791 1558 857 1625 quid
877 1558 1008 1610 frumenti
1026 1567 1073 1611 aut

140 1629 245 1705 pecoris
266 1629 292 1679 in
314 1628 384 1695 agris
403 1628 518 1696 reperire
537 1636 660 1697 possent:
686 1626 768 1679 simili
787 1643 899 1680 omnem
921 1630 1072 1682 exercitum

140 1696 230 1765 inopia
254 1698 348 1766 premi,
374 1715 424 1749 nec
452 1696 508 1765 jam
533 1698 603 1749 vires
624 1697 748 1749 sufficere
773 1697 909 1765 cuiquam,
935 1714 988 1750 nec
1005 1698 1075 1752 ferre

140 1767 227 1833 operis
241 1766 360 1818 laborem
374 1783 468 1835 posse:
488 1767 579 1835 itaque
597 1767 720 1819 statuisse
747 1768 949 1834 imperatorem,
964 1768 988 1820 si
1006 1768 1072 1821 nihil

140 1835 168 1886 in
179 1838 376 1904 oppugnatione
389 1835 479 1905 oppidi
493 1836 655 1906 profecisset,
667 1836 752 1888 triduo
762 1837 911 1888 exercitum
925 1837 1072 1890 deducere.

140 1904 223 1972 Haec,
246 1907 338 1974 inquit,
361 1923 377 1957 a
396 1924 449 1975 me,
471 1906 678 1974 Vercingetorix,
698 1904 832 1957 beneficia
852 1905 970 1976 habetis,
991 1925 1073 1976 quem

139 1974 296 2044 proditionis
305 1976 474 2043 insimulatis,
485 1974 564 2044 cujus
572 1992 653 2044 opera
662 1974 718 2026 siue
728 1983 815 2026 vestro
825 1975 958 2042 sanguine
970 1987 1073 2030 tanturn

140 2046 288 2098 exercitum
308 2048 446 2097 victorem⁰
465 2045 537 2097 lame
556 2061 641 2112 paene
660 2052 832 2096 consumtum
851 2045 970 2114 videtis,
990 2064 1074 2116 quem

140 2115 251 2181 turpiter
261 2132 289 2166 se
303 2133 337 2167 ex
350 2115 399 2167 hac
412 2115 476 2183 fuga
490 2114 672 2183 recipientem,
683 2129 780 2182 nequa
792 2113 888 2166 civitas
901 2115 961 2167 suis
974 2116 1073 2170 finibus

139 2185 259 2252 recipiat,
273 2201 289 2234 a
301 2202 347 2236 me
360 2185 496 2252 provisum
509 2196 558 2235 est.

176 2259 218 2306 21.
238 2254 393 2306 Conclamat
412 2253 499 2305 omnis
522 2252 673 2322 multitudo,
693 2260 720 2304 et
741 2268 789 2304 suo
811 2268 888 2304 more
907 2255 994 2306 armis
1012 2271 1072 2307 con-

140 2379 228 2388 ‚-.....

170 2435 349 2491 ¹Persnarum;
368 2435 457 2495 supply
467 2437 514 2483 sibi
521 2436 612 2496 fuisse.

169 2523 330 2586 ’Neque-et.
362 2522 384 2570 It
402 2522 540 2581 frequently
551 2522 659 2580 happens
670 2521 695 2568 in
706 2520 779 2568 Latin
794 2519 847 2568 thet
863 2536 878 2568 a
888 2523 974 2569 writer
984 2523 1072 2583 begins

140 2583 247 2632 aclnuse
259 2581 319 2629 with
330 2598 408 2629 necor
419 2597 541 2642 nequeas
553 2581 574 2628 ii
586 2581 616 2628 he
628 2596 679 2628 was
695 2581 751 2641 goin
779 2589 804 2627 to
815 2595 859 2627 use
871 2580 976 2629 another
987 2582 1071 2640 begin-

141 2643 200 2702 ning
211 2642 271 2689 with
287 2642 327 2688 the
345 2657 412 2687 same
429 2641 557 2700 negative3
575 2641 619 2687 but
631 2640 725 2708 instead
736 2596 768 2686 oi
776 2639 794 2686 it
810 2638 841 2686 he
858 2639 972 2699 emplcys
985 2650 1016 2697 et,
1031 2648 1072 2689 the

141 2712 256 2750 sentence
269 2710 310 2748 not
322 2700 396 2760 being
407 2716 421 2746 e
432 2700 544 2759 negative
555 2714 609 2746 one.
643 2698 690 2745 See
702 2714 733 2746 ιν.
743 2701 780 2745 29.

170 2787 307 2835 ’Mollitia
319 2787 376 2834 here
389 2787 408 2834 is
420 2796 461 2833 not
476 2785 652 2844 ‘effeminacy‚'
665 2787 709 2834 but
723 2790 802 2832 ‘went
814 2783 842 2831 of
854 2800 947 2846 energy
959 2786 1006 2835 und
1018 2801 1071 2847 rer·

141 2848 291 2903 severence,’
303 2847 392 2902 which,
404 2845 531 2905 according
542 2855 567 2892 to
579 2844 773 2906 Vercingetorix,
784 2859 849 2891 were
860 2844 976 2904 required
987 2846 1013 2894 iu
1022 2847 1072 2895 this

141 2921 206 2953 cnse.

170 2977 292 3025 ⁴Nullum
303 2977 323 3025 is
335 2990 446 3038 stronger
457 2977 504 3024 and
515 2992 581 3024 more
593 2976 715 3036 emphatic
725 2976 784 3024 than
794 2993 851 3024 aon.

171 3051 330 3107 'Remittere;
344 3050 431 3109 supply
441 3068 474 3107 se,
488 3049 533 3097 ‘he
543 3049 624 3098 would
636 3049 704 3097 leave
716 3050 734 3097 it
745 3059 771 3097 to
781 3048 845 3096 their
855 3063 913 3096 own
920 3049 1071 3112 judgment.'

142 3183 159 3228 ι.
171 3126 180 3153 ⁸
194 3123 276 3172 Victor
286 3123 331 3171 and
344 3123 436 3170 similer
446 3123 531 3171 verbal
546 3122 712 3171 substantives
728 3138 769 3171 are
785 3121 853 3170 osten
867 3123 930 3172 used
947 3139 975 3172 as
992 3124 1070 3187 adjec·

153 3196 213 3231 rres.
