2250 3736
412 207 429 230 δ

491 262 583 302 mana
604 262 624 302 1.
981 246 1017 303 at

91 379 271 424 conveniant:
291 370 314 423 ia
333 371 394 423 dies
413 379 471 423 erat
488 388 513 422 a.
532 371 559 423 d.
572 388 597 422 v.
618 369 675 423 Kal.
689 369 796 440 Aprilis,
816 369 845 422 L.
866 369 966 437 Pisone,
986 371 1019 421 A.

91 441 209 493 Gabinio
221 440 394 492 consulibus.¹

98 574 101 578 Α
130 515 156 562 7.
175 511 282 562 Caesari
291 527 375 578 quum
386 510 412 561 id
423 510 572 562 nuntiatum
586 517 665 571 esset,
676 526 722 560 eos
732 525 779 578 per
788 508 952 576 provinciam
964 523 1020 559 nos·

94 587 164 631 tram
184 580 231 630 iter
250 579 339 630 lacere
359 579 456 647 conari,
475 587 590 630 maturat
608 579 643 630 ab
663 579 727 630 urbe
746 578 876 646 proficisci
894 586 921 628 et
959 594 1020 628 uam

93 649 223 700 maximis
235 657 322 716 potest
336 648 475 700 itineribus
494 649 520 700 in
539 647 655 699 Galliam
674 647 826 698 ulteriorem
846 595 1021 698 contendite

93 717 129 768 ad
138 719 287 769 Genevam⁹
299 717 429 785 pervenit.
460 717 615 769 Provinciae
626 717 671 767 toti
680 733 762 783 quam
776 717 925 769 maximum
936 722 1022 783 potest

94 786 213 838 militum
232 803 376 838 numerum
395 787 517 854 imperat²
535 786 603 854 (erat
622 787 728 836 omnino
749 787 775 836 in
793 784 881 837 Gallia
899 785 1021 836 ulteriore

94 854 167 922 legio
179 855 245 924 unal
258 866 373 922 pontem,
384 856 429 922 qui
443 864 497 906 erat
507 855 541 906 ad
551 855 709 921 Genevam‚⁴
720 853 795 922 jubet
809 854 931 906 rescindi.
968 852 1021 906 Ubi

94 923 130 975 de
144 922 204 991 ejus
222 923 340 976 adventu
353 925 469 976 Helvetii
488 924 615 975 certiores
633 923 695 979 lacti
708 931 777 991 sunt,
791 923 892 990 legatos
909 923 942 974 ad
957 939 1021 975 eum

44 1023 47 1028 -
94 993 205 1045 mittunt
229 993 409 1044 nobilissimos
433 993 554 1060 civitatis,
576 992 654 1061 cujus
678 992 818 1058 legationis
838 993 970 1044 Nameius
994 1000 1021 1042 et

94 1060 275 1113 Verudootius
284 1062 432 1130 principem
443 1063 530 1113 looum
540 1061 703 1130 obtinebant,
714 1062 759 1128 qui
770 1061 889 1113 dicerent
900 1061 951 1113 sibi
961 1076 1021 1112 esse

95 1130 121 1181 in
135 1131 225 1180 animo
244 1131 301 1181 sine
320 1130 373 1182 ullo
387 1131 519 1182 maleficio
535 1131 584 1181 iter
596 1147 643 1198 per
656 1131 817 1198 provinciam
836 1128 932 1198 lacere,
946 1145 1022 1198 prop·

96 1208 172 1250 terea
183 1199 254 1266 quod
267 1199 339 1250 aliud
353 1201 402 1251 iter
414 1199 543 1252 haberent
556 1199 673 1250 nullum:
694 1201 803 1267 rogare,⁶
817 1207 845 1251 ut
859 1198 918 1268 ejus
932 1199 1022 1250 volun·

95 1277 153 1318 tate
179 1267 204 1318 id
225 1268 274 1320 sibi
299 1268 388 1320 lacere
409 1268 498 1320 liceat.
543 1268 648 1335 Caesar,
668 1268 739 1336 quod
759 1268 889 1320 memoria
913 1268 1022 1319 tenebat

95 1335 127 1388 L.
138 1337 261 1388 Cassium
275 1338 413 1392 consulem
425 1337 544 1389 occisum
559 1338 760 1405 exercitumque
774 1336 833 1406 ejus
843 1336 878 1388 ab
892 1337 1022 1388 Helvetiis

95 1404 207 1474 pulsum
227 1415 253 1457 et
273 1407 325 1458 sub
343 1405 438 1475 jugum
457 1407 590 1474 missum,⁶
607 1406 810 1458 concedendum
830 1422 881 1457 non
902 1406 1020 1474 putabat,

95 1490 186 1542 neque
204 1473 328 1527 homines
344 1476 451 1526 inimico
471 1477 559 1526 animo
580 1475 643 1526 data
655 1475 781 1527 facultate
800 1492 846 1542 per
859 1475 1021 1543 provinciam

96 1543 201 1594 itineris
213 1544 329 1596 faciundi
341 1544 542 1611 temperaturos⁷
550 1545 584 1596 ab
598 1544 692 1612 injuria
701 1554 727 1595 et
740 1544 873 1596 maleficio
886 1544 1022 1595 existima·

96 1611 161 1664 bat:
181 1621 279 1676 tamen,
293 1624 321 1665 ut
335 1614 452 1682 spatium
465 1613 631 1664 intercedere
644 1616 750 1681 posset,⁸
761 1612 826 1664 dum
840 1612 946 1680 milites,
955 1629 1022 1680 quos

95 1681 283 1750 imperaverat,
294 1682 473 1749 convenirent,
485 1682 580 1749 legatis
592 1682 725 1750 respondit
737 1682 819 1734 diem⁰
832 1699 860 1733 se
873 1681 907 1733 ad
920 1681 1021 1734 delibe-

95 1749 211 1801 randum
229 1761 416 1820 sumpturum:
436 1750 458 1802 si
472 1751 541 1820 huid
553 1751 661 1821 vellent,
678 1751 712 1803 ad
730 1752 795 1804 Idus
806 1751 923 1820 Aprilis¹⁰
935 1767 1021 1804 rever·

96 1828 226 1871 terentur.

132 1891 160 1938 8.
178 1888 283 1940 Interea
301 1905 335 1940 ea
353 1888 464 1958 legione,
477 1907 559 1958 quam
578 1906 672 1942 seeum
691 1888 814 1958 habebat,
829 1889 1020 1959 militibusque,

94 1956 143 2023 qui
163 1973 197 2008 ex
215 1959 349 2025 provincia
360 1969 546 2028 convenerant,
560 1976 577 2010 a
590 1960 648 2011 lacu
662 1959 805 2027 Lemanno,
819 1959 864 2027 qui
881 1959 906 2010 in
920 1960 1021 2012 flumen

94 2025 257 2079 Rhodanum
277 2027 390 2095 influit‚¹¹
402 2028 436 2079 ad
453 2038 571 2080 montem
583 2029 598 2081 J
601 2045 683 2097 uram,
697 2029 742 2096 qui
755 2028 822 2080 fines
840 2029 1022 2097 Sequanorum

126 2164 213 2212 ¹That
230 2167 259 2220 is,
274 2166 315 2214 the
332 2167 389 2216 arrh
405 2167 434 2214 os
446 2167 532 2215 March
544 2183 567 2215 a.
577 2183 597 2214 c.
609 2171 648 2223 58,
662 2168 703 2215 the
720 2183 778 2228 year
793 2168 818 2214 iu
834 2167 914 2215 which
930 2167 1021 2215 Caeam

93 2224 193 2273 arrived
205 2225 228 2272 in
241 2226 315 2282 Gaul,
329 2227 353 2272 in
364 2226 405 2273 the
417 2227 484 2286 early
495 2237 546 2285 part
558 2226 586 2273 of
594 2227 672 2285 April.

125 2298 187 2345 'Ad
196 2299 331 2355 Genauam
345 2299 436 2356 thetis,
447 2300 471 2347 in
482 2300 524 2347 the
535 2299 734 2360 neighbourhood
744 2298 772 2347 of
781 2299 897 2356 Geneva3
908 2301 941 2346 od
948 2299 1022 2361 being

92 2357 156 2407 here
168 2357 210 2404 the
221 2375 289 2406 same
301 2374 327 2405 as
338 2361 409 2420 opud.

124 2432 135 2460 ²
144 2433 289 2480 Provinciae
300 2433 406 2499 caperat,
416 2431 447 2499 he
459 2431 599 2480 commanda
611 2432 652 2479 the
663 2432 776 2491 province
785 2441 810 2479 to
818 2430 912 2488 furnish
921 2447 947 2479 as
956 2429 1022 2490 large

91 2507 108 2540 a
120 2494 227 2542 number
237 2491 265 2538 of
273 2490 376 2538 soldiers
387 2506 414 2538 as
425 2501 444 2537 rt
455 2490 526 2537 could
538 2500 639 2537 muster.

124 2569 135 2597 ⁴
146 2565 214 2612 That
226 2565 255 2619 is,
269 2579 351 2610 across
363 2563 404 2610 the
415 2563 479 2611 river
491 2563 625 2611 Rhodanus
637 2579 664 2611 or
676 2563 771 2612 Rhone.

123 2639 249 2699 ’Rogare
263 2635 370 2695 namely,
383 2652 416 2683 ae.

123 2714 134 2742 ⁸
145 2711 210 2759 This
222 2709 269 2757 had
280 2708 407 2768 happened
418 2708 441 2755 in
453 2723 477 2755 a.
488 2723 509 2755 c.
523 2711 574 2757 tor.
606 2709 653 2756 See
665 2708 737 2768 Livy,
751 2708 817 2771 Epir.
827 2710 866 2756 lab.
879 2711 917 2756 65.

123 2786 133 2813 ’
145 2782 214 2830 That
225 2781 284 2838 they
296 2779 378 2827 would
388 2781 418 2826 be
431 2789 573 2838 temperate,
587 2779 634 2827 and
645 2781 740 2827 abstain
751 2779 820 2836 from,
835 2780 884 2826 dac.

123 2856 134 2884 ⁸
147 2853 172 2902 N
175 2852 265 2912 amely,
279 2854 392 2899 between
409 2851 450 2898 the
467 2861 564 2909 present
580 2863 698 2909 moment,
711 2852 758 2900 and
774 2852 815 2900 the
832 2852 891 2899 time
903 2851 976 2900 whon
991 2851 1021 2904 he

89 2923 181 2966 meant
194 2921 218 2959 to
230 2911 313 2958 attach
325 2911 366 2957 the
378 2910 493 2957 Helvetii.

123 2985 216 3039 'Dian
230 2984 287 3032 here
305 2983 364 3031 time
380 2983 405 3031 in
421 2984 528 3044 general,
541 2983 589 3032 and
605 2983 738 3042 seminine;
756 2984 828 3032 when
842 2984 861 3032 it
874 2983 983 3046 significo
996 2989 1022 3035 ‘t

89 3045 166 3107 day.’
180 3044 199 3091 it
211 3043 231 3091 is
243 3042 383 3091 masculine.

124 3117 225 3164 ¹⁰'1'hat
242 3116 272 3171 is,
285 3130 317 3162 on
333 3115 374 3162 the
392 3115 486 3164 rethor
498 3115 577 3174 April.
609 3115 648 3175 By
657 3133 681 3164 aa
691 3117 749 3176 qaid
762 3119 849 3165 vellent
862 3116 954 3166 Caesar
969 3132 1019 3178 pro·

89 3175 171 3230 tenda
183 3184 226 3221 not
238 3183 263 3221 to
275 3173 348 3220 know
359 3174 425 3222 what
436 3174 495 3234 they
508 3191 571 3222 were
583 3177 664 3222 about.

126 3252 146 3280 ¹¹
157 3247 209 3295 We
217 3246 248 3295 do
257 3257 299 3294 not
309 3262 353 3306 say
362 3246 414 3294 that
423 3263 437 3294 a
447 3247 501 3294 lalre
511 3247 616 3306 through
624 3246 704 3294 which
714 3247 797 3310 ariver
804 3247 882 3302 stowe,
891 3247 962 3295 flows
973 3249 1024 3296 into

88 3311 141 3357 the
153 3308 228 3362 river,
239 3308 283 3354 but
292 3305 344 3353 that
352 3305 393 3353 the
402 3307 464 3354 river
473 3306 544 3354 flows
551 3306 602 3353 into
611 3305 652 3353 the
662 3305 725 3354 lake.
748 3306 797 3355 But
807 3306 899 3354 Caesar
908 3322 991 3354 seems
998 3318 1025 3354 to
