2250 3736
514 239 606 279 creas
626 240 648 314 p.
1005 224 1043 281 33

154 341 239 398 flumine
248 349 323 401 Arare
332 348 448 402 navibus
461 348 628 417 subvexerat,
639 357 778 418 propterea
786 350 825 401 uti
833 348 923 401 minus
933 357 1041 418 poterat,

154 414 207 477 quod
224 416 262 468 iter
278 418 311 470 ab
329 421 413 471 Arare
434 419 549 469 Helvetii
570 426 728 487 averterant,
749 418 880 485 aquibus
904 418 1043 469 discedere

154 480 241 536 nolebat.
272 488 348 540 Diem
369 505 404 539 ex
423 488 468 538 die
484 486 592 538 ducere¹
610 487 715 539 Aedui;
739 487 857 556 oonlerri,
877 488 1042 556 comportari,

154 547 226 603 adesse
235 554 325 608 dicere.
362 556 416 609 Ubi
430 573 459 608 se
472 556 581 608 diutius²
592 555 654 608 duci
669 556 799 608 intellexit
812 565 838 607 et
850 556 923 608 diem
937 557 1041 625 instare,

155 621 233 692 quodie
241 624 395 677 frumentum
407 624 538 677 militibus
546 626 634 677 metiri
643 634 781 694 oporteret,
790 627 941 676 convocatis
951 642 1043 678 eorum

154 691 288 801 ppncipibus,
301 711 414 762 quorum
428 712 554 761 magnam
567 696 671 763 copiam
683 696 710 746 iu
722 696 816 746 castris
825 694 949 762 babebat,
964 695 988 745 in
1002 694 1045 746 lns

175 757 255 814 viriaco
272 771 297 814 et
314 764 399 831 Lisco,
418 764 465 830 qui
483 779 588 814 summo
607 765 772 831 magistratui
791 773 919 832 praeerat,
940 764 1043 832 (quem¹

153 819 310 902 vergobretum
333 831 470 902 appellant
489 833 585 902 Aedui,
604 834 650 902 qui
675 841 780 884 creatur
797 850 902 884 annuns
927 841 953 883 et
972 833 1043 884 vitae

152 904 249 965 uecnqne
260 901 285 952 in
298 918 360 953 suos
372 901 454 953 habet
463 903 642 972 potestatem),
651 903 821 968 gravitereos
832 909 949 969 accusat,
963 902 1041 970 quod,

151 973 198 1014 curn
212 983 287 1038 neque
305 971 359 1023 emi
377 988 467 1040 neque
486 987 520 1022 ex
538 971 608 1038 agris
626 970 696 1023 sumi
708 978 806 1039 posset,
820 980 875 1022 tam
888 971 1042 1022 necessario

152 1033 248 1106 ternpore,
261 1048 314 1091 tam
327 1040 482 1108 propinquis
494 1039 614 1092 hostibus
635 1041 670 1092 ab
683 1040 716 1091 iis
728 1057 778 1091 uon
792 1041 954 1104 sublevetur,
968 1056 1043 1107 prae·
1059 1086 1063 1092 .

152 1102 219 1155 sertin
230 1124 286 1161 cum
299 1125 396 1176 magna
409 1126 444 1161 ex
457 1119 531 1177 parte
543 1125 635 1162 eorum
655 1109 779 1177 precibus
796 1109 929 1161 adductus
941 1108 1043 1161 bellurn

151 1178 280 1284 spsteperit3
304 1179 387 1230 multo
413 1179 493 1230 etiam
520 1179 636 1249 gravius,
653 1179 723 1246 quod
750 1179 783 1229 sit
808 1177 958 1246 destitutus,
979 1194 1043 1245 que·

149 1246 203 1290 hur.
885 1249 895 1265 ¹

176 1309 206 1360 ll.
221 1312 283 1366 Tum
302 1315 413 1368 demum
434 1315 528 1368 Liscus
546 1315 663 1368 oratione
681 1316 804 1368 Caesaris
821 1316 954 1367 adductus
971 1313 1042 1382 quod

147 1382 206 1430 lsslea
221 1389 340 1453 tacuerat,
360 1385 510 1454 proponit:·
524 1402 583 1436 esse
603 1386 750 1453 nonnullos,
769 1402 882 1455 quorum
900 1383 1042 1436 auctoritas

146 1445 199 1518 illd
209 1450 307 1516 plebem
321 1455 467 1522 plurimum
476 1453 570 1522 valeat,
581 1455 625 1522 qui
639 1455 759 1523 privatim
773 1454 832 1523 plus
844 1457 951 1522 possint,
960 1469 1042 1521 quarn

145 1519 360 1588 ¹PS¹magistratus
397 1523 452 1573 Hos
471 1523 597 1575 seditiosa
614 1533 695 1593 atque
713 1524 834 1591 improba
846 1524 962 1574 oratione
975 1521 1041 1574 mul-

144 1579 259 1642 mudinem
271 1591 414 1659 deterrere,
429 1608 462 1642 ne
475 1591 640 1644 frumentum
653 1593 803 1644 conferant:
823 1593 892 1660 quod
906 1600 1041 1660 praestare

157 1645 235 1726 ebeat,⁴
242 1661 263 1710 si
274 1659 331 1729 jam
342 1661 521 1728 principatum
534 1661 637 1713 Galliae
649 1663 769 1714 obtinere
782 1677 833 1712 non
846 1661 972 1730 possent,⁸
980 1659 1041 1712 Gal·

138 1704 214 1794 l⁰fltm,
231 1745 310 1796 quam
330 1731 508 1782 Romanorum
527 1730 639 1798 imperia
657 1730 789 1799 perferre5
814 1747 903 1798 neque
921 1731 1041 1782 dubitare

135 1774 241 1866 debeant,
260 1799 332 1867 quin,
352 1798 374 1850 si
392 1797 529 1850 Helvetios
553 1800 735 1867 superaverint
760 1800 879 1867 Romani,
899 1816 953 1850 una
979 1816 1042 1850 cum

132 1847 221 1929 rellqua
237 1867 324 1919 Gallia
343 1867 448 1919 Aeduis
465 1867 617 1920 libertatem
641 1869 693 1920 sint
712 1869 838 1936 erepturi.
874 1868 919 1920 Ab
937 1867 1041 1920 eisdem

128 1924 209 1985 ⁰⁰⁸lra
219 1935 327 1988 consilia
340 1953 464 2005 quaeque
477 1936 504 1988 in
516 1939 609 1989 castris
619 1948 744 2004 gerantur
757 1937 878 1989 hostibus
896 1938 1040 1989 enuntiari:

123 1975 169 2041 h⁰⁸
188 2019 246 2056 ase
264 2005 382 2057 co'e'rceri
399 2021 451 2057 non
469 2021 556 2073 posse.
593 2007 663 2064 Quin
689 2008 770 2058 etiam
795 2006 866 2075 quod
892 2006 1041 2058 necessario

120 2061 179 2118 r⁸¹¹1
202 2083 308 2127 coactus
326 2075 434 2126 Caesari
459 2076 610 2144 enuntiarit,
630 2075 786 2144 intellegere
804 2093 871 2144 sese,
891 2086 989 2144 quanto
1015 2075 1039 2126 id

114 2130 191 2244 Qu,
201 2143 316 2210 periculo
334 2143 436 2212 fecerit,
456 2151 483 2195 et
501 2144 535 2196 ob
554 2161 615 2196 eam
633 2162 743 2197 causam
762 2162 844 2213 quam
862 2145 907 2196 diu
919 2146 1040 2213 potuerit,

160 2217 241 2263 ursse.

150 2275 197 2330 18.
215 2281 311 2332 Caesar
329 2280 381 2332 hac
405 2281 521 2333 oratione
539 2281 610 2334 Lisci
628 2282 827 2351 Dumnorigem,
848 2282 971 2334 Divitiaci
990 2281 1041 2334 fra·

149 2352 196 2411 111,
208 2348 339 2418 designari
357 2349 498 2418 sentiebat,
512 2351 560 2403 sed
579 2351 648 2420 quod
667 2351 787 2421 pluribus
800 2352 982 2419 praesentibus
994 2368 1041 2403 eas

103 2401 153 2449 ¹⁰⁸
181 2415 268 2483 jactari
286 2418 402 2487 nolebat,
417 2419 539 2471 celeriter
556 2420 698 2472 concilium
717 2420 835 2488 dimittit,
850 2421 959 2473 Liscum
979 2421 1039 2472 reti·

100 2469 182 2534 het:
206 2487 308 2556 quaerit
333 2505 368 2539 ex
393 2487 447 2539 solo
471 2505 512 2557 ea,
531 2505 602 2559 quae
620 2489 647 2541 in
665 2497 798 2541 conventu
822 2488 932 2541 dixerat.
970 2489 1040 2541 Dicit

99 2580 1020 2624 &az--.m
1029 2618 1039 2624 ,.

129 2653 145 2683 ¹
165 2666 280 2734 Numam,
291 2675 433 2732 Caesarem
448 2676 509 2736 they
518 2675 576 2735 kept
589 2676 680 2725 Caesar
690 2676 798 2737 waiting,
811 2691 839 2724 or
848 2675 929 2724 rather
940 2675 979 2723 led
989 2676 1041 2726 him

141 2733 240 2788 espect
251 2735 303 2783 that
315 2734 396 2782 which
408 2735 438 2782 he
450 2735 491 2782 did
501 2746 542 2782 not
554 2736 657 2783 receive.

124 2798 144 2827 ἢ
164 2810 280 2881 hemely,
293 2822 353 2870 than
365 2822 395 2869 he
407 2821 510 2882 thought
521 2822 593 2882 right.

90 2882 241 3012 wisspem
251 2909 309 2957 does
320 2919 363 2956 not
374 2908 436 2957 refer
446 2918 472 2956 to
482 2909 524 2957 the
533 2909 688 2970 magistram,
697 2910 741 2957 but
750 2917 775 2957 ῑθ
784 2907 825 2956 ¹¹¹³
833 2923 922 2968 P⁸¹⁸⁰¹¹
930 2908 1041 2959 immed

106 2324 148 2378 tre

93 3019 153 3125 αξ
171 3033 291 3088 ‘Because
303 3027 322 3087 it
333 3048 400 3088 must
410 3041 441 3088 be
452 3040 585 3098 preferable
597 3041 664 3100 (they
673 3045 725 3101 say)
735 3050 761 3088 to
771 3042 829 3089 bear
837 3039 878 3087 the
890 3040 992 3100 swayof
999 3040 1041 3090 the

155 3092 207 3152 uls,
220 3099 277 3148 than
288 3099 341 3146 that
353 3098 380 3152 of
388 3100 429 3146 the
442 3100 568 3146 Romans.'

132 3148 151 3177 ⁸
176 3161 226 3218 The
242 3189 315 3220 sense
333 3171 432 3229 implied
448 3172 474 3219 in
490 3172 539 3220 this
556 3172 681 3230 imperfect
698 3172 727 3228 is,
742 3171 793 3218 that
810 3172 852 3219 the
864 3170 945 3219 Aedui
962 3171 1040 3238 might

93 3205 227 3312 {f’lely
235 3232 288 3299 still
299 3231 384 3279 obtain
395 3231 434 3279 the
451 3247 602 3292 supremocy.
635 3230 717 3279 There
728 3231 748 3279 is
760 3246 791 3279 no
802 3230 864 3278 need
874 3231 910 3279 for
920 3229 1040 3291 cbangmg

126 3285 217 3336 ’ΨΜ
232 3300 284 3339 into
297 3291 402 3354 possint.
