2250 3736
501 122 594 164 mana
614 122 644 165 v.
979 101 1036 161 125

108 223 255 336 prohibitis,
281 229 445 302 Cenimagni,
470 230 629 302 Segontiaci,
649 230 794 302 Ancalites,
820 231 931 303 Bibroci,
952 234 1035 306 Cassi,

121 301 286 360 enitionibus
305 300 396 354 missis
415 318 475 354 sese
493 302 601 354 Caesari
622 301 733 354 dedunt.
768 301 812 356 Ab
832 301 875 356 his
894 307 1036 376 cognoscit,

106 370 165 416 ¹¹01]
185 373 258 439 longe
279 388 314 424 ex
335 387 368 422 eo
387 370 445 423 loco
465 371 602 441 oppidum¹
622 372 817 424 Cassivellauni
838 373 943 444 abesse,
963 376 1039 428 silvis

104 431 305 510 paludibusque
328 441 472 510 munitum,
492 457 545 509 qno
569 440 634 492 satis
656 457 772 508 magnus
796 441 935 495 hominum
959 462 1038 514 peco-

103 509 201 574 r¹⁸quc
211 527 340 563 numerus
352 511 514 563 convenerit.
543 510 687 579 (Oppidum
700 520 792 563 autern
802 511 920 565 Britanni
930 528 1034 584 vocant,

103 579 195 633 quun,
212 580 293 632 silvas
311 579 457 648 impeditas
473 579 543 633 vallo
561 589 642 647 atque
660 579 732 632 fossa
749 582 910 652 munierunt,
929 600 982 653 quo
1000 586 1038 638 in·

103 648 237 700 cursionis
250 649 368 702 hostium
380 649 505 702 vitandae
522 666 604 701 causa
616 650 758 702 convenire
778 655 961 724 consuerunt.)
998 655 1039 708 Eo

99 715 284 772 proficiscitur
304 735 368 771 curn
388 717 554 787 legionibus:
581 718 670 771 locum
695 720 793 789 reperit
816 723 924 790 egregie
944 732 1039 777 natura

98 784 191 848 atqup
208 804 288 857 opere
306 788 458 841 munitum·
478 800 570 840 tamen
588 787 660 840 hunc
678 788 784 842 duabus
803 808 837 843 ex
854 793 975 861 partibus
992 810 1038 863 op·

97 854 228 918 pugnare
248 857 394 910 contendit.
455 865 535 926 ostes,
556 857 692 927 paulisper
714 861 817 929 morati,
839 861 958 914 militurn
978 879 1036 915 nos·

98 917 209 991 tr‚0rum
229 926 362 997 impeturn
383 944 434 980 non
455 927 572 980 tulerunt
592 943 707 996 seseque
727 928 780 980 alia
800 947 835 982 err
854 939 929 998 parte
948 932 1039 1000 oppidi

96 995 256 1057 §lecerunt
299 997 418 1064 Magnus
434 996 471 1049 ibi
490 1013 618 1049 numerus
636 999 740 1065 pecoris
757 1009 885 1069 repertus,
905 999 1038 1070 multique

93 1063 129 1105 tn
146 1060 214 1133 fuga
226 1074 287 1118 sunt
299 1065 486 1135 comprehensi
498 1076 579 1135 atque
592 1066 734 1119 interlecti.

140 1133 187 1186 22.
207 1135 279 1188 Dum
302 1135 371 1188 haec
396 1136 423 1187 in
447 1135 489 1188 his
513 1136 579 1188 locis
602 1146 737 1205 geruntur,
763 1136 979 1190 CassIvellaunns
1002 1139 1039 1192 ad

145 1204 242 1273 otium,
262 1205 334 1274 quod
353 1221 414 1257 esse
433 1205 467 1257 ad
488 1222 561 1257 mere
580 1221 659 1274 supra
677 1206 927 1276 demonstravimus,
940 1207 1056 1277 quihus

91 1271 262 1335 regionibus
290 1278 403 1342 quatuor
432 1291 509 1342 reges
536 1283 684 1345 praeerant,
714 1276 873 1344 Cingetorix,
900 1278 1037 1359 Carvilius,

89 1323 311 1412 Taximagulus,
325 1343 453 1413 Segouax,
473 1345 585 1396 nuncios
605 1345 686 1396 mittit
704 1352 785 1412 atque
804 1344 847 1397 his
865 1347 985 1416 imperat,
1000 1357 1039 1401 utr

88 1412 210 1464 coactis
226 1412 352 1466 omnihus
370 1413 461 1482 copiis,
475 1423 562 1466 castra
580 1413 695 1466 navalia²
705 1413 740 1465 de
759 1414 901 1483 improviso
919 1417 1040 1469 adorian-

88 1472 153 1527 tur
175 1491 254 1552 atque
273 1490 437 1552 oppugnent.
474 1483 496 1536 li
517 1500 601 1552 quum
620 1483 655 1535 ad
677 1491 764 1535 castra
784 1484 927 1554 venissent,
947 1487 1038 1567 nostri,

90 1552 252 1618 eruptione
273 1553 353 1622 sacta,
373 1552 468 1605 multis
486 1570 578 1606 eorum
598 1553 753 1622 intersectis,
767 1562 845 1622 capto
857 1554 941 1606 etiam
954 1555 1038 1608 nobili

89 1605 184 1671 duce
193 1622 357 1691 Lugotorige,
368 1639 431 1674 suos
443 1622 592 1676 incolumes
605 1623 775 1675 reduxerunt.
812 1623 1037 1696 Cassivellaunus,

120 1698 169 1738 oc
190 1692 285 1759 proelio
305 1691 440 1762 nunciato,
462 1701 499 1745 tot
517 1693 684 1744 detrimentis
702 1692 829 1761 acceptis,
850 1694 959 1746 vastetis
981 1695 1040 1747 fini·

92 1742 176 1826 bus,
195 1762 312 1814 maxime
332 1762 416 1814 etiarn
430 1770 575 1833 ,pennotus
598 1761 750 1814 defectione
769 1762 915 1831 civitatum,
936 1763 1040 1832 legatos

94 1829 168 1883 Per
180 1830 334 1884 Atrebatem
355 1831 509 1884 Commium
526 1831 560 1884 de
577 1831 712 1884 deditione
730 1829 763 1883 ad
784 1832 927 1886 Caesarem
948 1833 1038 1886 mittit.

97 1885 217 1966 Caesar,
230 1917 316 1969 quum
336 1902 472 1953 statuisset
490 1900 610 1953 hiemem
623 1901 650 1953 in
668 1900 812 1953 continenti
828 1911 933 1971 propter
946 1919 1039 1972 repen·

97 1959 187 2017 tl¹¹0⁸
196 1970 300 2024 Galliae
319 1979 408 2022 motus
425 1986 514 2040 agere,
524 1987 612 2039 neque
630 1970 745 2023 multum
759 1971 869 2023 aestatis
887 1980 1040 2040 superesset

100 2034 195 2108 atque
213 2040 239 2093 id
258 2039 339 2100 facile
358 2039 470 2092 extrahi
481 2057 559 2109 posse
578 2040 746 2108 intelligeret,
760 2038 869 2092 obsides
887 2042 1000 2109 imperat
1013 2049 1040 2095 et

100 2101 181 2159 ‘llud
200 2109 224 2162 in
246 2126 331 2162 annos
351 2109 471 2176 singulos
491 2108 629 2176 vectigalis
648 2108 746 2178 populo
766 2110 885 2161 Romano
905 2109 1040 2163 Britannia

100 2172 249 2247 penderet,
269 2179 419 2232 constituit:
440 2178 573 2230 interdicit
591 2186 672 2246 atque
690 2179 814 2247 imperat*
831 2179 1038 2251 Cassiuellauno,

100 2240 145 2281 ΗΘ
160 2238 351 2302 Mandubratio
363 2265 417 2300 neu
429 2245 636 2300 Trinobantibus
647 2256 751 2299 noceat.

98 2358 104 2370 .
144 2308 191 2369 23.
209 2317 354 2372 Obsidibus
371 2317 496 2386 acceptis,
516 2317 663 2368 eirercitum
683 2316 784 2369 reducit
801 2316 836 2368 ad
855 2334 937 2385 mare,
956 2335 1040 2370 naves

96 2376 217 2440 ¹¹¹V0nit
235 2387 359 2439 refectas.
395 2387 444 2438 His
456 2384 585 2456 deductis,
599 2385 670 2455 quod
686 2394 714 2439 et
727 2388 892 2456 captivorum
910 2404 1040 2455 magnum

93 2471 1035 2513 ’χ--ῄ-ῌ..

127 2528 254 2595 'Where
271 2547 320 2594 this
337 2556 404 2594 town
415 2562 466 2593 was
482 2544 589 2593 situnted
605 2554 692 2594 cannot
708 2545 817 2605 possibly
829 2547 859 2594 be
870 2544 984 2606 guessed,
997 2559 1041 2594 nor

90 2589 147 2635 ⁰⁸¹¹
162 2611 210 2652 we
221 2615 284 2654 trace
297 2605 412 2654 Caesar’s
424 2603 506 2652 march
517 2605 589 2652 north
600 2604 628 2652 ol
640 2605 681 2652 the
693 2604 811 2654 Themes.

124 2658 136 2686 ¹
151 2671 250 2728 Caetra
260 2681 366 2728 novalia.
398 2679 446 2726 See
457 2678 526 2738 chap.
538 2683 573 2727 11.

122 2731 276 2808 ‘Extratk
304 2751 357 2799 that
378 2751 407 2807 is,
429 2754 561 2800 caenando
583 2753 666 2814 perdi,·
692 2753 812 2799 extrahere
836 2749 976 2812 signifying,
1002 2755 1041 2800 ‘tc

90 2791 269 2911 agdittime
290 2810 316 2858 in
336 2810 471 2870 innativity,
489 2811 536 2858 and
556 2809 593 2858 lor
611 2825 643 2858 no
660 2810 730 2858 other
747 2824 852 2869 purpose
873 2810 932 2857 than
952 2820 979 2858 to
998 2819 1040 2871 get
1081 2816 1083 2821 ⁴

97 2922 138 3016 ,f
153 2927 221 2985 The
232 2950 280 2990 two
291 2940 372 2989 words
384 2943 504 2990 interdicit
520 2941 568 2990 and
579 2943 610 2990 im
627 2951 685 2997 erat,
698 2941 740 2988 the
751 2956 797 2989 one
808 2940 837 2989 cf
843 2941 923 2989 which
935 2941 955 2990 is
967 2957 1030 3003 nega

102 2986 155 3076 ἔνθ
175 2997 225 3045 arrd
236 3000 275 3047 the
287 3000 357 3048 other
364 3000 476 3058 positive,
485 3016 585 3059 express
619 3001 711 3048 aesar‘s
720 3000 848 3065 command
860 3001 884 3048 in
894 3001 936 3048 the
945 3011 1039 3106 strong·

105 3046 139 3136 wll
157 3059 209 3099 Μ
226 3059 374 3119 ,indicating
390 3059 449 3106 both
461 3059 526 3107 what
543 3060 573 3107 he
585 3059 678 3107 wished
697 3067 722 3106 to
739 3060 769 3108 bc
785 3059 856 3116 done,
870 3059 917 3108 end
927 3059 992 3106 what
1026 3075 1040 3108 e

106 3100 198 3194 :She
232 3128 272 3164 not
291 3128 316 3165 to
334 3119 365 3165 be
384 3118 454 3165 done.
486 3118 541 3166 The
553 3118 635 3166 clause
646 3116 727 3165 which
742 3116 839 3167 follows
850 3119 911 3167 with
921 3135 959 3174 ne,
971 3117 1038 3166 how·

120 3164 183 3218 ¹⁰¹2
197 3167 243 3222 has
253 3177 374 3225 reference
386 3176 444 3236 only
454 3186 480 3224 to
491 3178 619 3226 interdicit.
696 3197 697 3201 ¹
