2250 3736
143 259 202 317 tto
236 298 255 328 ,
444 275 485 321 nir
506 276 603 314 annno
624 273 758 314 cenrico.

143 401 227 453 quum
251 401 285 436 ex
308 383 404 452 oppido
425 384 569 452 eruptione¹
589 390 755 452 pugnaretur,
777 379 841 433 loris
860 386 951 433 tantae
972 379 1066 450 copiae

144 456 278 522 equitatus
291 453 476 522 peditatusque
490 463 667 504 cernerentur.

179 528 221 574 tt.
240 525 275 574 At
301 523 325 589 ii,
348 523 394 590 qni
417 523 526 574 Alesiae
549 520 745 589 obsidebantur,
767 519 909 588 praeterita
929 518 994 588 die‚²
1013 534 1067 586 qua

143 608 250 643 suorum
281 592 381 643 auxilia
405 599 633 659 exspectaverant,
657 598 795 641 consumto
825 589 898 640 omni
921 587 1066 655 frumento,

143 661 230 729 inscii,
244 661 308 729 qnid
322 662 348 712 in
360 661 463 713 Aeduis
474 671 618 729 gereretur,
632 659 743 710 concilio
762 669 862 725 coacto,
875 657 910 709 de
928 659 1003 709 exitu
1016 657 1066 707 sor·

145 738 267 782 lunarum
281 747 389 782 suarum
402 729 595 781 consultabant.
631 728 710 797 Apud
724 729 798 797 quos³
809 728 889 778 variis
907 725 988 778 dictis
1007 743 1067 777 sen-

144 800 241 868 tentiis,
254 817 368 867 qnarum
380 816 440 867 pars
453 799 622 864 deditionem,
636 815 704 866 pars,
718 797 782 849 dnm
796 797 866 848 vires
883 804 1066 863 suppeterent,

143 869 320 937 eruptionem⁴
339 867 492 934 censebant,
506 885 556 919 non
576 867 768 936 praetereunda
788 865 893 918 videtur
911 866 994 915 oratio
1013 865 1068 916 Cri·

143 940 250 1005 tognati,
271 948 375 1006 propter
393 937 452 1006 ejus
476 937 638 1004 singularem
661 953 694 988 ac
712 935 843 988 nefariam
866 934 1067 987 crudelitatem.

143 1007 193 1058 llio
207 1025 312 1060 summo
326 1007 352 1058 in
364 1007 489 1058 Arvernis
501 1017 574 1058 ortus
592 1006 649 1058 loco
669 1015 695 1057 et
714 1021 829 1072 magnae
848 1004 957 1056 habitus
976 1013 1067 1056 aucto·

143 1078 235 1143 ritatis,
256 1076 337 1143 Nihil,
358 1077 451 1144 inquit,
467 1076 501 1127 de
523 1092 614 1128 eorum
636 1077 769 1127 sententia
789 1073 908 1125 dicturus
928 1091 998 1142 sum,
1020 1073 1068 1141 qni

143 1147 326 1214 turpissimam
344 1145 497 1196 servitutem
518 1144 660 1198 deditionis
678 1145 785 1197 nomine
803 1143 939 1211 appellant
948 1160 956 1210 ;
978 1159 1067 1210 neque

143 1213 192 1267 hos
213 1214 351 1267 habendos
370 1215 470 1266 civium
491 1214 555 1282 loco,
574 1231 662 1283 neque
682 1213 715 1265 ad
736 1213 878 1265 concilium
898 1211 1068 1264 adhibendos

143 1301 250 1336 censeo.
287 1285 355 1336 Cum
369 1283 401 1335 iis
413 1284 479 1335 mihi
494 1301 535 1335 res
547 1284 589 1352 sit,
603 1285 648 1352 qui
669 1284 833 1351 eruptionem
853 1282 981 1350 probant:
1001 1299 1067 1350 quo-

143 1369 202 1405 rum
215 1354 240 1405 in
254 1353 370 1420 oonsilio,
384 1353 504 1405 omnium
519 1363 635 1405 vestrum
649 1369 789 1420 consensu,
804 1351 928 1419 pristinae
947 1353 1066 1403 residere

143 1423 246 1474 virtutis
259 1422 386 1475 memoria
399 1422 511 1473 videtur.
539 1423 631 1474 Animi
643 1431 683 1474 est
697 1423 747 1473 ista
759 1420 892 1490 mollities,
907 1438 959 1472 non
971 1422 1065 1490 virtus,

142 1490 260 1560 inopiam
272 1490 416 1560 paullisper
428 1491 496 1542 ferre
510 1509 560 1542 non
574 1508 662 1559 posse.
698 1490 750 1548 Qui
768 1508 797 1542 se
815 1489 883 1542 ultro
902 1491 980 1542 morti
1000 1490 1067 1543 offe·

142 1570 208 1629 rant,
223 1561 329 1613 facilius
342 1561 514 1629 reperiuntur,
529 1578 610 1629 quam
629 1561 674 1628 qui
692 1560 809 1612 dolorem
823 1560 955 1629 patienter
967 1560 1065 1612 ferant.

142 1631 231 1698 Atque
244 1648 295 1698 ego
308 1630 378 1681 hanc
390 1630 552 1681 sententiam
570 1630 717 1699 probarem,
732 1630 807 1695 (nam
819 1629 890 1698 apud
904 1646 947 1680 me
961 1638 1067 1682 tantum

142 1698 268 1766 dignitas⁶
292 1698 390 1768 potest)
411 1699 432 1750 si
457 1698 558 1751 nullam
582 1709 770 1768 praeterquam
789 1699 860 1749 vitae
884 1707 988 1750 nostrae
1011 1698 1065 1770 jac·
1104 1741 1107 1745 .

142 1776 227 1820 turam
241 1768 296 1820 fieri
310 1768 445 1834 viderem,
465 1768 512 1820 sed
526 1769 552 1820 in
564 1768 673 1819 consilio
686 1767 814 1836 capiendo
826 1784 935 1820 ornnem
948 1768 1067 1821 Galliam

141 1837 324 1905 respiciamus,
338 1853 421 1904 qnam
432 1837 467 1889 ad
481 1847 597 1890 nostrum
610 1837 741 1889 auxilium
753 1838 952 1889 concitavimus.
983 1837 1065 1906 Quid,

140 1904 280 1960 homiuum
298 1906 408 1958 milibus
426 1924 506 1958 cxxx.
520 1925 571 1959 uno
590 1906 647 1958 loco
665 1906 818 1975 intersectis,
832 1907 986 1975 propinquis
1004 1924 1066 1958 con·

141 1976 347 2044 sanguineisque
360 1976 455 2026 nostris
466 1977 559 2028 animi‘
570 1975 625 2027 fore
645 1976 811 2042 existimatis,
826 1977 846 2026 si
860 1993 946 2042 paene
960 1977 986 2028 iu
999 1977 1067 2045 ipsis

140 2045 319 2096 cadaveribus
335 2043 438 2111 proelio
459 2043 595 2096 decertare
614 2045 760 2112 cogentur?
795 2044 885 2096 Nolite
909 2045 958 2097 hos
977 2056 1066 2098 vestro

141 2113 239 2164 auxilio
253 2113 408 2182 exspoliare,
422 2116 468 2181 qui
482 2124 586 2166 vestrae
605 2115 697 2166 salutis
715 2131 797 2166 causa
815 2131 894 2166 suurn
913 2114 1066 2183 periculum

139 2182 320 2251 neglexerint,
339 2183 399 2234 nec⁷
411 2182 521 2234 stultitia
539 2200 571 2235 ac
590 2184 739 2235 temeritate
753 2191 847 2251 vestra,
861 2193 907 2235 aut
924 2183 1067 2236 imbecilli-

139 2258 195 2303 tate
207 2253 298 2321 animi,
312 2267 419 2304 omnem
432 2251 549 2304 Galliam
560 2261 725 2321 prosternere
739 2259 766 2304 et
778 2261 923 2321 perpetuae
942 2254 1067 2306 servituti

167 2406 333 2469 'Eruptionm
351 2407 403 2454 that
414 2407 444 2463 is,
458 2409 580 2469 eruptione
587 2409 665 2469 sacta.

166 2479 320 2527 'Praeterita
329 2481 379 2536 dia·
390 2480 442 2526 that
451 2480 481 2536 is,
490 2496 561 2540 qaum
569 2482 619 2527 dies
626 2481 787 2541 praeteriisset
790 2497 801 2536 ;
812 2478 853 2527 the
862 2479 987 2539 participle
996 2497 1065 2542 prce·

138 2541 225 2645 &gripes
242 2540 315 2600 being
331 2539 392 2587 used
403 2539 428 2585 iu
438 2539 479 2587 the
496 2555 563 2586 saure
574 2554 630 2599 way
641 2555 668 2587 as
679 2539 720 2586 the
736 2539 860 2598 participle
872 2538 900 2586 of
911 2555 926 2587 a
942 2539 1066 2598 deponent

167 2671 259 2732 'Apud
268 2686 325 2730 quor
337 2669 425 2718 should
436 2670 498 2718 have
509 2672 571 2718 been
582 2672 608 2718 in
619 2686 665 2730 qao
674 2672 784 2727 eandm·
802 2672 846 2718 but
862 2670 903 2718 the
914 2686 973 2731 quoa
988 2671 1066 2721 refers

138 2737 164 2776 to
175 2729 216 2776 the
228 2745 284 2776 men
294 2729 323 2776 of
329 2729 411 2776 whom
422 2730 464 2776 the
474 2731 598 2777 conciliem
608 2730 739 2777 consisted.

167 2800 354 2863 ‘Ereptionerm
373 2811 398 2848 to
409 2801 459 2849 this
469 2818 496 2849 as
508 2801 565 2849 well
581 2817 607 2848 aa
623 2811 649 2848 to
665 2801 707 2849 the
723 2800 853 2862 preceding
862 2802 1014 2860 deditionem,
1027 2819 1067 2853 wa

138 2869 204 2907 must
216 2861 304 2918 supply
308 2861 453 2920 faciendam.

167 2932 221 2980 tut
238 2935 303 2980 nites
315 2933 372 2979 here
384 2933 413 2988 is,
427 2933 468 2980 the
480 2932 602 2993 authority
613 2932 660 2980 and
671 2932 792 2982 influence
803 2931 832 2981 ol
843 2933 885 2980 the
896 2947 999 2992 persons
1008 2933 1067 2983 who

137 2989 185 3038 had
197 3007 210 3037 a
228 2992 296 3038 visad
308 3001 333 3038 to
345 2991 416 3038 make
428 3008 442 3038 a
452 2992 528 3052 sally.

166 3065 176 3092 ⁰
189 3062 254 3122 Quid
264 3065 346 3131 aniani,
359 3064 438 3112 ‘what
450 3065 538 3125 degree
549 3063 578 3112 of
584 3064 713 3124 coureget’
725 3079 753 3113 or
766 3063 846 3112 ‘what
857 3072 921 3112 state
932 3064 962 3112 of
974 3063 1067 3128 feeling

137 3123 189 3170 will
200 3121 259 3181 they
271 3125 301 3169 be
313 3139 337 3169 rn
345 3123 363 3170 t’

167 3195 241 3241 'The
253 3211 294 3241 aee
305 3194 366 3242 after
376 3196 450 3242 nolite
461 3211 517 3254 may
527 3194 606 3243 either
617 3193 715 3242 contain
726 3211 740 3242 a
750 3194 880 3253 repetition
890 3195 919 3242 ol
931 3196 973 3243 the
989 3212 1065 3258 nega·

137 3253 188 3301 tiva
199 3252 328 3299 contained
339 3253 363 3298 in
374 3255 454 3307 nolite,
468 3269 495 3300 or
505 3267 544 3302 wo
555 3263 620 3301 must
632 3253 719 3313 supply
730 3253 791 3301 after
801 3253 820 3302 it
831 3256 920 3312 ceditis,
934 3255 1012 3304 taken
1022 3267 1066 3308 out

131 3312 165 3363 os
173 3312 256 3364 nolite.
272 3310 352 3360 which
364 3310 385 3359 is
397 3311 467 3360 itself
479 3312 617 3374 equivalent
628 3321 654 3360 to
665 3329 695 3360 ae
707 3314 794 3360 celeb.
