<?xml version="1.0" encoding="UTF-8"?>
<!DOCTYPE html PUBLIC "-//W3C//DTD XHTML 1.0 Transitional//EN"
    "http://www.w3.org/TR/xhtml1/DTD/xhtml1-transitional.dtd">
<html xmlns="http://www.w3.org/1999/xhtml" xml:lang="en" lang="en">
 <head>
  <title>
</title>
<meta http-equiv="Content-Type" content="text/html;charset=utf-8" />
  <meta name='ocr-system' content='tesseract 3.04.00' />
  <meta name='ocr-capabilities' content='ocr_page ocr_carea ocr_par ocr_line ocrx_word'/>
</head>
<body>
  <div class='ocr_page' id='page_1' title='image "./commentariidebe00caesgoog_0160.png"; bbox 0 0 2250 3736; ppageno 0'>
   <div class='ocr_carea' id='block_1_1' title="bbox 498 260 1038 318">
    <p class='ocr_par' dir='ltr' id='par_1_1' title="bbox 498 260 1038 318">
     <span class='ocr_line' id='line_1_1' title="bbox 498 260 1038 318; baseline 0.007 -4"><span class='ocrx_word' id='word_1_1' title='bbox 498 275 591 314; x_wconf 73' lang='lat' dir='ltr'>Linea</span> <span class='ocrx_word' id='word_1_2' title='bbox 612 274 649 313; x_wconf 88' lang='lat' dir='ltr'>vi.</span> <span class='ocrx_word' id='word_1_3' title='bbox 984 260 1038 318; x_wconf 88' lang='lat'>151</span> 
     </span>
    </p>
   </div>
   <div class='ocr_carea' id='block_1_2' title="bbox 52 367 1041 2404">
    <p class='ocr_par' dir='ltr' id='par_1_2' title="bbox 52 367 1041 2404">
     <span class='ocr_line' id='line_1_2' title="bbox 121 367 1040 453; baseline 0.009 -21"><span class='ocrx_word' id='word_1_4' title='bbox 121 367 174 451; x_wconf 67' lang='grc' dir='ltr'>’μῖΙ</span> <span class='ocrx_word' id='word_1_5' title='bbox 184 393 257 435; x_wconf 80' lang='lat' dir='ltr'>caiisa</span> <span class='ocrx_word' id='word_1_6' title='bbox 274 382 308 436; x_wconf 93' lang='lat' dir='ltr'>ad</span> <span class='ocrx_word' id='word_1_7' title='bbox 327 400 392 436; x_wconf 88' lang='lat' dir='ltr'>euin</span> <span class='ocrx_word' id='word_1_8' title='bbox 410 382 512 451; x_wconf 84' lang='lat' dir='ltr'>legatos</span> <span class='ocrx_word' id='word_1_9' title='bbox 526 384 639 453; x_wconf 84' lang='lat' dir='ltr'>mittunt,</span> <span class='ocrx_word' id='word_1_10' title='bbox 653 382 699 451; x_wconf 92' lang='lat' dir='ltr'>qui</span> <span class='ocrx_word' id='word_1_11' title='bbox 718 383 831 436; x_wconf 84' lang='lat' dir='ltr'>doceant</span> <span class='ocrx_word' id='word_1_12' title='bbox 845 401 932 452; x_wconf 89' lang='lat' dir='ltr'>neque</span> <span class='ocrx_word' id='word_1_13' title='bbox 945 402 979 438; x_wconf 88' lang='lat' dir='ltr'>ex</span> <span class='ocrx_word' id='word_1_14' title='bbox 992 403 1040 440; x_wconf 88' lang='lat' dir='ltr'>sua</span> 
     </span>
     <span class='ocr_line' id='line_1_3' title="bbox 116 447 1039 522; baseline 0.01 -23"><span class='ocrx_word' id='word_1_15' title='bbox 116 447 334 506; x_wconf 78' lang='lat' dir='ltr'>⁰1vrtateauxitia</span> <span class='ocrx_word' id='word_1_16' title='bbox 348 455 373 505; x_wconf 92' lang='lat' dir='ltr'>iri</span> <span class='ocrx_word' id='word_1_17' title='bbox 387 454 509 504; x_wconf 90' lang='lat' dir='ltr'>Treviros</span> <span class='ocrx_word' id='word_1_18' title='bbox 524 454 614 522; x_wconf 88' lang='lat' dir='ltr'>missa,</span> <span class='ocrx_word' id='word_1_19' title='bbox 630 470 717 521; x_wconf 88' lang='lat' dir='ltr'>neque</span> <span class='ocrx_word' id='word_1_20' title='bbox 729 453 765 505; x_wconf 89' lang='lat' dir='ltr'>ab</span> <span class='ocrx_word' id='word_1_21' title='bbox 777 470 806 504; x_wconf 90' lang='lat' dir='ltr'>se</span> <span class='ocrx_word' id='word_1_22' title='bbox 819 453 902 506; x_wconf 86' lang='lat' dir='ltr'>fidem</span> <span class='ocrx_word' id='word_1_23' title='bbox 921 454 1039 508; x_wconf 83' lang='lat' dir='ltr'>laesam:</span> 
     </span>
     <span class='ocr_line' id='line_1_4' title="bbox 108 516 1040 592; baseline 0.004 -21"><span class='ocrx_word' id='word_1_24' title='bbox 108 516 212 574; x_wconf 58' lang='lat' dir='ltr'>petunt</span> <span class='ocrx_word' id='word_1_25' title='bbox 232 533 312 592; x_wconf 88' lang='lat' dir='ltr'>atque</span> <span class='ocrx_word' id='word_1_26' title='bbox 332 531 414 590; x_wconf 87' lang='lat' dir='ltr'>orarit,</span> <span class='ocrx_word' id='word_1_27' title='bbox 436 532 463 574; x_wconf 91' lang='lat' dir='ltr'>ut</span> <span class='ocrx_word' id='word_1_28' title='bbox 485 523 533 574; x_wconf 90' lang='lat' dir='ltr'>sibi</span> <span class='ocrx_word' id='word_1_29' title='bbox 556 533 654 591; x_wconf 87' lang='lat' dir='ltr'>parcat,</span> <span class='ocrx_word' id='word_1_30' title='bbox 676 539 710 574; x_wconf 87' lang='lat' dir='ltr'>ne</span> <span class='ocrx_word' id='word_1_31' title='bbox 731 523 867 575; x_wconf 89' lang='lat' dir='ltr'>communi</span> <span class='ocrx_word' id='word_1_32' title='bbox 888 524 956 576; x_wconf 89' lang='lat' dir='ltr'>odio¹</span> <span class='ocrx_word' id='word_1_33' title='bbox 976 527 1040 577; x_wconf 91' lang='lat' dir='ltr'>Ger-</span> 
     </span>
     <span class='ocr_line' id='line_1_5' title="bbox 103 583 1040 662; baseline 0.001 -17"><span class='ocrx_word' id='word_1_34' title='bbox 103 583 254 654; x_wconf 43' lang='lat' dir='ltr'>fflssssorum</span> <span class='ocrx_word' id='word_1_35' title='bbox 272 595 428 646; x_wconf 86' lang='lat' dir='ltr'>innocentes</span> <span class='ocrx_word' id='word_1_36' title='bbox 464 610 489 643; x_wconf 92' lang='lat' dir='ltr'>ro</span> <span class='ocrx_word' id='word_1_37' title='bbox 509 592 665 644; x_wconf 77' lang='lat' dir='ltr'>nocentibus</span> <span class='ocrx_word' id='word_1_38' title='bbox 679 610 779 661; x_wconf 87' lang='lat' dir='ltr'>poenas</span> <span class='ocrx_word' id='word_1_39' title='bbox 797 594 929 662; x_wconf 78' lang='lat' dir='ltr'>pendant:</span> <span class='ocrx_word' id='word_1_40' title='bbox 949 595 970 646; x_wconf 93' lang='lat' dir='ltr'>si</span> <span class='ocrx_word' id='word_1_41' title='bbox 984 612 1040 646; x_wconf 91' lang='lat' dir='ltr'>am·</span> 
     </span>
     <span class='ocr_line' id='line_1_6' title="bbox 97 640 1041 730; baseline 0.005 -17"><span class='ocrx_word' id='word_1_42' title='bbox 97 640 194 706; x_wconf 67' lang='lat' dir='ltr'>phut*</span> <span class='ocrx_word' id='word_1_43' title='bbox 210 662 333 716; x_wconf 89' lang='lat' dir='ltr'>obsidum</span> <span class='ocrx_word' id='word_1_44' title='bbox 348 662 420 730; x_wconf 86' lang='lat' dir='ltr'>velit,</span> <span class='ocrx_word' id='word_1_45' title='bbox 452 679 498 714; x_wconf 88' lang='lat' dir='ltr'>are</span> <span class='ocrx_word' id='word_1_46' title='bbox 516 662 683 730; x_wconf 82' lang='lat' dir='ltr'>pollicentur.</span> <span class='ocrx_word' id='word_1_47' title='bbox 720 663 830 729; x_wconf 83' lang='lat' dir='ltr'>Cognita</span> <span class='ocrx_word' id='word_1_48' title='bbox 843 663 940 715; x_wconf 88' lang='lat' dir='ltr'>Caesar</span> <span class='ocrx_word' id='word_1_49' title='bbox 959 682 1041 718; x_wconf 89' lang='lat' dir='ltr'>causa</span> 
     </span>
     <span class='ocr_line' id='line_1_7' title="bbox 94 721 1041 800; baseline 0.006 -18"><span class='ocrx_word' id='word_1_50' title='bbox 94 721 217 800; x_wconf 58' lang='lat' dir='ltr'>sepem,</span> <span class='ocrx_word' id='word_1_51' title='bbox 231 732 266 786; x_wconf 88' lang='lat' dir='ltr'>ab</span> <span class='ocrx_word' id='word_1_52' title='bbox 279 732 376 785; x_wconf 79' lang='lat' dir='ltr'>Suevis</span> <span class='ocrx_word' id='word_1_53' title='bbox 387 732 485 784; x_wconf 82' lang='lat' dir='ltr'>auxilia</span> <span class='ocrx_word' id='word_1_54' title='bbox 504 734 587 783; x_wconf 87' lang='lat' dir='ltr'>missa</span> <span class='ocrx_word' id='word_1_55' title='bbox 600 748 668 799; x_wconf 87' lang='lat' dir='ltr'>esse,</span> <span class='ocrx_word' id='word_1_56' title='bbox 682 731 811 784; x_wconf 84' lang='lat' dir='ltr'>Ubiorum</span> <span class='ocrx_word' id='word_1_57' title='bbox 831 732 1041 789; x_wconf 80' lang='lat' dir='ltr'>satisfactionem</span> 
     </span>
     <span class='ocr_line' id='line_1_8' title="bbox 89 789 752 881; baseline 0 -28"><span class='ocrx_word' id='word_1_58' title='bbox 89 789 226 869; x_wconf 65' lang='lat' dir='ltr'>aceepit,</span> <span class='ocrx_word' id='word_1_59' title='bbox 239 802 328 855; x_wconf 89' lang='lat' dir='ltr'>aditus</span> <span class='ocrx_word' id='word_1_60' title='bbox 341 803 451 881; x_wconf 87' lang='lat' dir='ltr'>viasque</span> <span class='ocrx_word' id='word_1_61' title='bbox 464 802 489 853; x_wconf 91' lang='lat' dir='ltr'>in</span> <span class='ocrx_word' id='word_1_62' title='bbox 503 801 605 853; x_wconf 87' lang='lat' dir='ltr'>Suevos</span> <span class='ocrx_word' id='word_1_63' title='bbox 617 801 752 870; x_wconf 76' lang='lat' dir='ltr'>perquirit.</span> 
     </span>
     <span class='ocr_line' id='line_1_9' title="bbox 139 861 1041 942; baseline 0.001 -18"><span class='ocrx_word' id='word_1_64' title='bbox 139 861 319 925; x_wconf 60' lang='lat' dir='ltr'>1Unterim</span> <span class='ocrx_word' id='word_1_65' title='bbox 337 888 431 940; x_wconf 87' lang='lat' dir='ltr'>paucis</span> <span class='ocrx_word' id='word_1_66' title='bbox 449 879 507 940; x_wconf 92' lang='lat' dir='ltr'>post</span> <span class='ocrx_word' id='word_1_67' title='bbox 519 870 616 923; x_wconf 89' lang='lat' dir='ltr'>diebus</span> <span class='ocrx_word' id='word_1_68' title='bbox 636 871 663 923; x_wconf 88' lang='lat' dir='ltr'>fit</span> <span class='ocrx_word' id='word_1_69' title='bbox 682 871 717 923; x_wconf 88' lang='lat' dir='ltr'>ab</span> <span class='ocrx_word' id='word_1_70' title='bbox 730 871 806 924; x_wconf 91' lang='lat' dir='ltr'>Ubiis</span> <span class='ocrx_word' id='word_1_71' title='bbox 823 873 926 942; x_wconf 81' lang='lat' dir='ltr'>certior,</span> <span class='ocrx_word' id='word_1_72' title='bbox 940 873 1041 926; x_wconf 86' lang='lat' dir='ltr'>Suevos</span> 
     </span>
     <span class='ocr_line' id='line_1_10' title="bbox 80 925 1039 1013; baseline 0.007 -25"><span class='ocrx_word' id='word_1_73' title='bbox 80 925 207 993; x_wconf 76' lang='lat' dir='ltr'>⁰¹¹¹nes</span> <span class='ocrx_word' id='word_1_74' title='bbox 226 958 313 994; x_wconf 90' lang='lat' dir='ltr'>unum</span> <span class='ocrx_word' id='word_1_75' title='bbox 333 943 359 994; x_wconf 92' lang='lat' dir='ltr'>iri</span> <span class='ocrx_word' id='word_1_76' title='bbox 381 941 470 993; x_wconf 91' lang='lat' dir='ltr'>locum</span> <span class='ocrx_word' id='word_1_77' title='bbox 493 940 584 1009; x_wconf 90' lang='lat' dir='ltr'>copias</span> <span class='ocrx_word' id='word_1_78' title='bbox 607 957 702 1008; x_wconf 83' lang='lat' dir='ltr'>cogere</span> <span class='ocrx_word' id='word_1_79' title='bbox 725 954 807 1009; x_wconf 89' lang='lat' dir='ltr'>atque</span> <span class='ocrx_word' id='word_1_80' title='bbox 829 942 861 992; x_wconf 90' lang='lat' dir='ltr'>iis</span> <span class='ocrx_word' id='word_1_81' title='bbox 880 943 1039 1013; x_wconf 89' lang='lat' dir='ltr'>nationibus,</span> 
     </span>
     <span class='ocr_line' id='line_1_11' title="bbox 76 995 1041 1081; baseline 0.003 -19"><span class='ocrx_word' id='word_1_82' title='bbox 76 995 179 1080; x_wconf 58' lang='lat' dir='ltr'>quat}</span> <span class='ocrx_word' id='word_1_83' title='bbox 195 1012 246 1062; x_wconf 89' lang='lat' dir='ltr'>sub</span> <span class='ocrx_word' id='word_1_84' title='bbox 259 1027 352 1064; x_wconf 91' lang='lat' dir='ltr'>eorum</span> <span class='ocrx_word' id='word_1_85' title='bbox 365 1010 416 1063; x_wconf 89' lang='lat' dir='ltr'>sint</span> <span class='ocrx_word' id='word_1_86' title='bbox 428 1011 547 1079; x_wconf 87' lang='lat' dir='ltr'>imperio,</span> <span class='ocrx_word' id='word_1_87' title='bbox 557 1010 728 1077; x_wconf 84' lang='lat' dir='ltr'>denunciare,</span> <span class='ocrx_word' id='word_1_88' title='bbox 743 1011 780 1062; x_wconf 91' lang='lat' dir='ltr'>uti</span> <span class='ocrx_word' id='word_1_89' title='bbox 794 1011 894 1063; x_wconf 83' lang='lat' dir='ltr'>auxilia</span> <span class='ocrx_word' id='word_1_90' title='bbox 907 1012 1041 1081; x_wconf 82' lang='lat' dir='ltr'>peditatus</span> 
     </span>
     <span class='ocr_line' id='line_1_12' title="bbox 72 1065 1041 1150; baseline 0.004 -19"><span class='ocrx_word' id='word_1_91' title='bbox 72 1065 122 1126; x_wconf 83' lang='lat' dir='ltr'>eq</span> <span class='ocrx_word' id='word_1_92' title='bbox 132 1081 303 1150; x_wconf 68' lang='lat' dir='ltr'>ustatusque</span> <span class='ocrx_word' id='word_1_93' title='bbox 322 1082 438 1133; x_wconf 89' lang='lat' dir='ltr'>mittant.</span> <span class='ocrx_word' id='word_1_94' title='bbox 475 1081 523 1132; x_wconf 89' lang='lat' dir='ltr'>His</span> <span class='ocrx_word' id='word_1_95' title='bbox 535 1082 648 1147; x_wconf 84' lang='lat' dir='ltr'>cognitis</span> <span class='ocrx_word' id='word_1_96' title='bbox 668 1079 755 1148; x_wconf 89' lang='lat' dir='ltr'>rebus,</span> <span class='ocrx_word' id='word_1_97' title='bbox 771 1098 827 1131; x_wconf 90' lang='lat' dir='ltr'>reni</span> <span class='ocrx_word' id='word_1_98' title='bbox 840 1080 1041 1135; x_wconf 77' lang='lat' dir='ltr'>frumentariam</span> 
     </span>
     <span class='ocr_line' id='line_1_13' title="bbox 67 1133 1040 1221; baseline 0.006 -23"><span class='ocrx_word' id='word_1_99' title='bbox 67 1133 240 1219; x_wconf 72' lang='lat' dir='ltr'>providet,</span> <span class='ocrx_word' id='word_1_100' title='bbox 266 1151 361 1202; x_wconf 85' lang='lat' dir='ltr'>castris</span> <span class='ocrx_word' id='word_1_101' title='bbox 383 1149 511 1203; x_wconf 92' lang='lat' dir='ltr'>idoneum</span> <span class='ocrx_word' id='word_1_102' title='bbox 535 1150 624 1203; x_wconf 90' lang='lat' dir='ltr'>locum</span> <span class='ocrx_word' id='word_1_103' title='bbox 648 1149 748 1216; x_wconf 83' lang='lat' dir='ltr'>deligit,</span> <span class='ocrx_word' id='word_1_104' title='bbox 769 1149 845 1202; x_wconf 88' lang='lat' dir='ltr'>Ubiis</span> <span class='ocrx_word' id='word_1_105' title='bbox 870 1152 990 1221; x_wconf 89' lang='lat' dir='ltr'>imperat,</span> <span class='ocrx_word' id='word_1_106' title='bbox 1012 1161 1040 1204; x_wconf 91' lang='lat' dir='ltr'>ut</span> 
     </span>
     <span class='ocr_line' id='line_1_14' title="bbox 63 1201 1038 1290; baseline 0.003 -19"><span class='ocrx_word' id='word_1_107' title='bbox 63 1201 208 1272; x_wconf 61' lang='lat' dir='ltr'>pecora</span> <span class='ocrx_word' id='word_1_108' title='bbox 227 1220 362 1272; x_wconf 88' lang='lat' dir='ltr'>deducant</span> <span class='ocrx_word' id='word_1_109' title='bbox 381 1236 483 1287; x_wconf 89' lang='lat' dir='ltr'>suaque</span> <span class='ocrx_word' id='word_1_110' title='bbox 501 1221 590 1272; x_wconf 89' lang='lat' dir='ltr'>omnia</span> <span class='ocrx_word' id='word_1_111' title='bbox 604 1237 637 1272; x_wconf 80' lang='lat' dir='ltr'>eii</span> <span class='ocrx_word' id='word_1_112' title='bbox 649 1222 719 1287; x_wconf 81' lang='lat' dir='ltr'>agris</span> <span class='ocrx_word' id='word_1_113' title='bbox 737 1220 762 1271; x_wconf 91' lang='lat' dir='ltr'>iri</span> <span class='ocrx_word' id='word_1_114' title='bbox 781 1219 879 1288; x_wconf 85' lang='lat' dir='ltr'>oppida</span> <span class='ocrx_word' id='word_1_115' title='bbox 895 1221 1038 1290; x_wconf 82' lang='lat' dir='ltr'>conserant,</span> 
     </span>
     <span class='ocr_line' id='line_1_15' title="bbox 63 1271 1040 1358; baseline 0.004 -18"><span class='ocrx_word' id='word_1_116' title='bbox 63 1271 222 1342; x_wconf 59' lang='lat' dir='ltr'>sperans</span> <span class='ocrx_word' id='word_1_117' title='bbox 236 1289 362 1342; x_wconf 89' lang='lat' dir='ltr'>barbaros</span> <span class='ocrx_word' id='word_1_118' title='bbox 380 1299 461 1358; x_wconf 90' lang='lat' dir='ltr'>atque</span> <span class='ocrx_word' id='word_1_119' title='bbox 480 1289 615 1358; x_wconf 88' lang='lat' dir='ltr'>imperitos</span> <span class='ocrx_word' id='word_1_120' title='bbox 634 1290 764 1357; x_wconf 88' lang='lat' dir='ltr'>homines,</span> <span class='ocrx_word' id='word_1_121' title='bbox 779 1289 865 1358; x_wconf 90' lang='lat' dir='ltr'>inopia</span> <span class='ocrx_word' id='word_1_122' title='bbox 879 1289 1040 1344; x_wconf 86' lang='lat' dir='ltr'>cibariorum</span> 
     </span>
     <span class='ocr_line' id='line_1_16' title="bbox 60 1337 1038 1428; baseline 0.006 -20"><span class='ocrx_word' id='word_1_123' title='bbox 60 1337 250 1428; x_wconf 61' lang='lat' dir='ltr'>adductos,</span> <span class='ocrx_word' id='word_1_124' title='bbox 271 1360 305 1412; x_wconf 87' lang='lat' dir='ltr'>ad</span> <span class='ocrx_word' id='word_1_125' title='bbox 327 1360 445 1428; x_wconf 89' lang='lat' dir='ltr'>iniquam</span> <span class='ocrx_word' id='word_1_126' title='bbox 467 1358 601 1427; x_wconf 88' lang='lat' dir='ltr'>pugnandi</span> <span class='ocrx_word' id='word_1_127' title='bbox 623 1358 803 1411; x_wconf 88' lang='lat' dir='ltr'>conditionem</span> <span class='ocrx_word' id='word_1_128' title='bbox 826 1376 903 1427; x_wconf 91' lang='lat' dir='ltr'>posse</span> <span class='ocrx_word' id='word_1_129' title='bbox 923 1359 1038 1414; x_wconf 87' lang='lat' dir='ltr'>deduci:</span> 
     </span>
     <span class='ocr_line' id='line_1_17' title="bbox 111 1426 1040 1499; baseline 0.003 -19"><span class='ocrx_word' id='word_1_130' title='bbox 111 1426 230 1498; x_wconf 62' lang='lat' dir='ltr'>findat,</span> <span class='ocrx_word' id='word_1_131' title='bbox 248 1438 277 1482; x_wconf 93' lang='lat' dir='ltr'>ut</span> <span class='ocrx_word' id='word_1_132' title='bbox 296 1429 403 1482; x_wconf 89' lang='lat' dir='ltr'>crebros</span> <span class='ocrx_word' id='word_1_133' title='bbox 422 1428 599 1497; x_wconf 83' lang='lat' dir='ltr'>exploratores</span> <span class='ocrx_word' id='word_1_134' title='bbox 617 1429 643 1481; x_wconf 93' lang='lat' dir='ltr'>in</span> <span class='ocrx_word' id='word_1_135' title='bbox 662 1429 764 1480; x_wconf 89' lang='lat' dir='ltr'>Suevos</span> <span class='ocrx_word' id='word_1_136' title='bbox 781 1430 895 1497; x_wconf 88' lang='lat' dir='ltr'>mittant,</span> <span class='ocrx_word' id='word_1_137' title='bbox 915 1446 1040 1499; x_wconf 85' lang='lat' dir='ltr'>quaeque</span> 
     </span>
     <span class='ocr_line' id='line_1_18' title="bbox 55 1480 1040 1567; baseline 0.004 -19"><span class='ocrx_word' id='word_1_138' title='bbox 55 1480 180 1548; x_wconf 70' lang='lat' dir='ltr'>apud</span> <span class='ocrx_word' id='word_1_139' title='bbox 213 1515 261 1550; x_wconf 90' lang='lat' dir='ltr'>eos</span> <span class='ocrx_word' id='word_1_140' title='bbox 287 1508 420 1567; x_wconf 81' lang='lat' dir='ltr'>gerantur,</span> <span class='ocrx_word' id='word_1_141' title='bbox 446 1508 615 1565; x_wconf 83' lang='lat' dir='ltr'>cognoscant.</span> <span class='ocrx_word' id='word_1_142' title='bbox 663 1498 703 1550; x_wconf 92' lang='lat' dir='ltr'>Illi</span> <span class='ocrx_word' id='word_1_143' title='bbox 731 1498 861 1566; x_wconf 90' lang='lat' dir='ltr'>imperata</span> <span class='ocrx_word' id='word_1_144' title='bbox 888 1499 989 1552; x_wconf 89' lang='lat' dir='ltr'>faciunt</span> <span class='ocrx_word' id='word_1_145' title='bbox 1012 1508 1040 1552; x_wconf 88' lang='lat' dir='ltr'>et</span> 
     </span>
     <span class='ocr_line' id='line_1_19' title="bbox 54 1549 1040 1638; baseline 0.003 -18"><span class='ocrx_word' id='word_1_146' title='bbox 54 1549 203 1621; x_wconf 64' lang='lat' dir='ltr'>pau&lt;tis</span> <span class='ocrx_word' id='word_1_147' title='bbox 216 1568 314 1621; x_wconf 90' lang='lat' dir='ltr'>diebus</span> <span class='ocrx_word' id='word_1_148' title='bbox 326 1568 485 1621; x_wconf 88' lang='lat' dir='ltr'>intermissis</span> <span class='ocrx_word' id='word_1_149' title='bbox 498 1568 622 1637; x_wconf 82' lang='lat' dir='ltr'>referunt,</span> <span class='ocrx_word' id='word_1_150' title='bbox 633 1568 734 1620; x_wconf 88' lang='lat' dir='ltr'>Suevos</span> <span class='ocrx_word' id='word_1_151' title='bbox 747 1584 849 1636; x_wconf 90' lang='lat' dir='ltr'>omnes,</span> <span class='ocrx_word' id='word_1_152' title='bbox 864 1578 1040 1638; x_wconf 84' lang='lat' dir='ltr'>posteaquam</span> 
     </span>
     <span class='ocr_line' id='line_1_20' title="bbox 52 1620 1039 1727; baseline 0.001 -38"><span class='ocrx_word' id='word_1_153' title='bbox 52 1620 240 1727; x_wconf 56' lang='lat' dir='ltr'>{emotas</span> <span class='ocrx_word' id='word_1_154' title='bbox 258 1639 347 1691; x_wconf 87' lang='lat' dir='ltr'>nuncii</span> <span class='ocrx_word' id='word_1_155' title='bbox 361 1638 395 1690; x_wconf 91' lang='lat' dir='ltr'>de</span> <span class='ocrx_word' id='word_1_156' title='bbox 408 1638 527 1691; x_wconf 86' lang='lat' dir='ltr'>exercitu</span> <span class='ocrx_word' id='word_1_157' title='bbox 539 1639 719 1691; x_wconf 86' lang='lat' dir='ltr'>Romanorum</span> <span class='ocrx_word' id='word_1_158' title='bbox 732 1638 859 1706; x_wconf 84' lang='lat' dir='ltr'>venerint,</span> <span class='ocrx_word' id='word_1_159' title='bbox 874 1655 936 1690; x_wconf 90' lang='lat' dir='ltr'>cum</span> <span class='ocrx_word' id='word_1_160' title='bbox 955 1640 1039 1691; x_wconf 89' lang='lat' dir='ltr'>omni·</span> 
     </span>
     <span class='ocr_line' id='line_1_21' title="bbox 91 1699 1039 1777; baseline 0.002 -17"><span class='ocrx_word' id='word_1_161' title='bbox 91 1699 150 1747; x_wconf 70' lang='lat'>¹²⁸</span> <span class='ocrx_word' id='word_1_162' title='bbox 177 1709 237 1760; x_wconf 86' lang='lat' dir='ltr'>suis</span> <span class='ocrx_word' id='word_1_163' title='bbox 254 1709 441 1777; x_wconf 88' lang='lat' dir='ltr'>sociorumque</span> <span class='ocrx_word' id='word_1_164' title='bbox 460 1708 550 1776; x_wconf 91' lang='lat' dir='ltr'>copiis,</span> <span class='ocrx_word' id='word_1_165' title='bbox 564 1724 632 1776; x_wconf 90' lang='lat' dir='ltr'>quas</span> <span class='ocrx_word' id='word_1_166' title='bbox 650 1707 807 1775; x_wconf 82' lang='lat' dir='ltr'>coegissent,</span> <span class='ocrx_word' id='word_1_167' title='bbox 822 1709 937 1774; x_wconf 79' lang='lat' dir='ltr'>penitus³</span> <span class='ocrx_word' id='word_1_168' title='bbox 947 1709 981 1760; x_wconf 89' lang='lat' dir='ltr'>ad</span> <span class='ocrx_word' id='word_1_169' title='bbox 994 1726 1039 1762; x_wconf 84' lang='lat' dir='ltr'>ex-</span> 
     </span>
     <span class='ocr_line' id='line_1_22' title="bbox 55 1764 1039 1868; baseline -0.002 -36"><span class='ocrx_word' id='word_1_170' title='bbox 55 1764 211 1868; x_wconf 51' lang='lat' dir='ltr'>drffinos</span> <span class='ocrx_word' id='word_1_171' title='bbox 229 1778 297 1831; x_wconf 88' lang='lat' dir='ltr'>fines</span> <span class='ocrx_word' id='word_1_172' title='bbox 316 1794 376 1830; x_wconf 88' lang='lat' dir='ltr'>sese</span> <span class='ocrx_word' id='word_1_173' title='bbox 389 1778 539 1845; x_wconf 84' lang='lat' dir='ltr'>recepisse:</span> <span class='ocrx_word' id='word_1_174' title='bbox 560 1777 653 1829; x_wconf 88' lang='lat' dir='ltr'>silvam</span> <span class='ocrx_word' id='word_1_175' title='bbox 667 1793 728 1828; x_wconf 90' lang='lat' dir='ltr'>esse</span> <span class='ocrx_word' id='word_1_176' title='bbox 741 1777 776 1828; x_wconf 92' lang='lat' dir='ltr'>ibi</span> <span class='ocrx_word' id='word_1_177' title='bbox 790 1777 892 1829; x_wconf 87' lang='lat' dir='ltr'>infinita</span> <span class='ocrx_word' id='word_1_178' title='bbox 906 1779 1039 1846; x_wconf 87' lang='lat' dir='ltr'>magnitu-</span> 
     </span>
     <span class='ocr_line' id='line_1_23' title="bbox 93 1840 1037 1919; baseline 0.002 -20"><span class='ocrx_word' id='word_1_179' title='bbox 93 1840 181 1913; x_wconf 73' lang='lat' dir='ltr'>¹¹¹e‚</span> <span class='ocrx_word' id='word_1_180' title='bbox 195 1864 266 1915; x_wconf 86' lang='lat' dir='ltr'>quae</span> <span class='ocrx_word' id='word_1_181' title='bbox 279 1846 429 1917; x_wconf 90' lang='lat' dir='ltr'>appellatur</span> <span class='ocrx_word' id='word_1_182' title='bbox 442 1846 574 1915; x_wconf 88' lang='lat' dir='ltr'>Bacenis,⁴</span> <span class='ocrx_word' id='word_1_183' title='bbox 586 1847 655 1899; x_wconf 93' lang='lat' dir='ltr'>hanc</span> <span class='ocrx_word' id='word_1_184' title='bbox 668 1847 745 1914; x_wconf 88' lang='lat' dir='ltr'>longe</span> <span class='ocrx_word' id='word_1_185' title='bbox 759 1847 885 1900; x_wconf 88' lang='lat' dir='ltr'>introrsus</span> <span class='ocrx_word' id='word_1_186' title='bbox 898 1850 1037 1919; x_wconf 90' lang='lat' dir='ltr'>pertinere,</span> 
     </span>
     <span class='ocr_line' id='line_1_24' title="bbox 139 1916 1038 1986; baseline 0.006 -20"><span class='ocrx_word' id='word_1_187' title='bbox 139 1924 202 1978; x_wconf 84' lang='lat' dir='ltr'>pro</span> <span class='ocrx_word' id='word_1_188' title='bbox 221 1917 320 1969; x_wconf 80' lang='lat' dir='ltr'>nativo⁶</span> <span class='ocrx_word' id='word_1_189' title='bbox 338 1933 413 1969; x_wconf 89' lang='lat' dir='ltr'>muro</span> <span class='ocrx_word' id='word_1_190' title='bbox 432 1916 574 1985; x_wconf 86' lang='lat' dir='ltr'>objectam,</span> <span class='ocrx_word' id='word_1_191' title='bbox 588 1917 737 1969; x_wconf 83' lang='lat' dir='ltr'>Cheruscos</span> <span class='ocrx_word' id='word_1_192' title='bbox 755 1917 790 1969; x_wconf 91' lang='lat' dir='ltr'>ab</span> <span class='ocrx_word' id='word_1_193' title='bbox 808 1917 909 1986; x_wconf 85' lang='lat' dir='ltr'>Suevis,</span> <span class='ocrx_word' id='word_1_194' title='bbox 927 1918 1038 1971; x_wconf 84' lang='lat' dir='ltr'>Suevos·</span> 
     </span>
     <span class='ocr_line' id='line_1_25' title="bbox 59 1969 1038 2056; baseline 0 -15"><span class='ocrx_word' id='word_1_195' title='bbox 59 1969 152 2041; x_wconf 61' lang='lat' dir='ltr'>qu</span> <span class='ocrx_word' id='word_1_196' title='bbox 187 1986 224 2040; x_wconf 91' lang='lat' dir='ltr'>ab</span> <span class='ocrx_word' id='word_1_197' title='bbox 246 1987 396 2055; x_wconf 79' lang='lat' dir='ltr'>Cheruscis,</span> <span class='ocrx_word' id='word_1_198' title='bbox 419 1986 521 2055; x_wconf 88' lang='lat' dir='ltr'>injuriis</span> <span class='ocrx_word' id='word_1_199' title='bbox 543 1986 793 2055; x_wconf 89' lang='lat' dir='ltr'>incursionibusque</span> <span class='ocrx_word' id='word_1_200' title='bbox 818 1988 956 2056; x_wconf 88' lang='lat' dir='ltr'>prohibere</span> <span class='ocrx_word' id='word_1_201' title='bbox 967 1989 984 2041; x_wconf 78' lang='lat'>:⁸</span> <span class='ocrx_word' id='word_1_202' title='bbox 1003 1988 1038 2041; x_wconf 89' lang='lat' dir='ltr'>ad</span> 
     </span>
     <span class='ocr_line' id='line_1_26' title="bbox 64 2039 1038 2127; baseline 0.004 -20"><span class='ocrx_word' id='word_1_203' title='bbox 64 2039 163 2100; x_wconf 57' lang='lat'>⁸1⁰8</span> <span class='ocrx_word' id='word_1_204' title='bbox 190 2055 294 2109; x_wconf 92' lang='lat' dir='ltr'>initium</span> <span class='ocrx_word' id='word_1_205' title='bbox 316 2053 400 2108; x_wconf 89' lang='lat' dir='ltr'>silvae</span> <span class='ocrx_word' id='word_1_206' title='bbox 413 2056 515 2109; x_wconf 83' lang='lat' dir='ltr'>Suevos</span> <span class='ocrx_word' id='word_1_207' title='bbox 531 2056 678 2109; x_wconf 88' lang='lat' dir='ltr'>adventum</span> <span class='ocrx_word' id='word_1_208' title='bbox 691 2057 869 2110; x_wconf 87' lang='lat' dir='ltr'>Romanorum</span> <span class='ocrx_word' id='word_1_209' title='bbox 882 2068 1038 2127; x_wconf 80' lang='lat' dir='ltr'>exspectare</span> 
     </span>
     <span class='ocr_line' id='line_1_27' title="bbox 67 2111 290 2180; baseline 0.036 -8"><span class='ocrx_word' id='word_1_210' title='bbox 67 2111 290 2180; x_wconf 76' lang='lat' dir='ltr'>⁰0nsiiiuisse.</span> 
     </span>
     <span class='ocr_line' id='line_1_28' title="bbox 125 2189 1038 2264; baseline 0.005 -18"><span class='ocrx_word' id='word_1_211' title='bbox 125 2189 190 2246; x_wconf 88' lang='lat' dir='ltr'>ll.</span> <span class='ocrx_word' id='word_1_212' title='bbox 208 2196 341 2255; x_wconf 83' lang='lat' dir='ltr'>Quoniam</span> <span class='ocrx_word' id='word_1_213' title='bbox 360 2195 394 2248; x_wconf 92' lang='lat' dir='ltr'>ad</span> <span class='ocrx_word' id='word_1_214' title='bbox 412 2195 485 2248; x_wconf 91' lang='lat' dir='ltr'>hunc</span> <span class='ocrx_word' id='word_1_215' title='bbox 502 2195 591 2248; x_wconf 87' lang='lat' dir='ltr'>locum</span> <span class='ocrx_word' id='word_1_216' title='bbox 609 2203 770 2264; x_wconf 88' lang='lat' dir='ltr'>perventum</span> <span class='ocrx_word' id='word_1_217' title='bbox 788 2204 836 2264; x_wconf 90' lang='lat' dir='ltr'>est,</span> <span class='ocrx_word' id='word_1_218' title='bbox 850 2213 903 2249; x_wconf 89' lang='lat' dir='ltr'>non</span> <span class='ocrx_word' id='word_1_219' title='bbox 920 2197 1038 2252; x_wconf 90' lang='lat' dir='ltr'>alienum</span> 
     </span>
     <span class='ocr_line' id='line_1_29' title="bbox 76 2253 1038 2357; baseline 0.003 -40"><span class='ocrx_word' id='word_1_220' title='bbox 76 2253 165 2357; x_wconf 55' lang='lat'>{³⁸⁸8</span> <span class='ocrx_word' id='word_1_221' title='bbox 194 2265 298 2319; x_wconf 88' lang='lat' dir='ltr'>videtur</span> <span class='ocrx_word' id='word_1_222' title='bbox 318 2265 353 2317; x_wconf 91' lang='lat' dir='ltr'>de</span> <span class='ocrx_word' id='word_1_223' title='bbox 374 2266 477 2318; x_wconf 89' lang='lat' dir='ltr'>Galliae</span> <span class='ocrx_word' id='word_1_224' title='bbox 496 2266 710 2333; x_wconf 86' lang='lat' dir='ltr'>Germaniaeque</span> <span class='ocrx_word' id='word_1_225' title='bbox 729 2265 848 2318; x_wconf 90' lang='lat' dir='ltr'>moribus</span> <span class='ocrx_word' id='word_1_226' title='bbox 867 2276 894 2318; x_wconf 91' lang='lat' dir='ltr'>et</span> <span class='ocrx_word' id='word_1_227' title='bbox 914 2284 966 2336; x_wconf 91' lang='lat' dir='ltr'>quo</span> <span class='ocrx_word' id='word_1_228' title='bbox 987 2268 1038 2320; x_wconf 88' lang='lat' dir='ltr'>dil·</span> 
     </span>
     <span class='ocr_line' id='line_1_30' title="bbox 94 2328 1036 2404; baseline 0.004 -17"><span class='ocrx_word' id='word_1_229' title='bbox 94 2328 198 2388; x_wconf 62' lang='lat' dir='ltr'>eran,</span> <span class='ocrx_word' id='word_1_230' title='bbox 219 2337 270 2390; x_wconf 90' lang='lat' dir='ltr'>hae</span> <span class='ocrx_word' id='word_1_231' title='bbox 294 2337 416 2388; x_wconf 89' lang='lat' dir='ltr'>nationes</span> <span class='ocrx_word' id='word_1_232' title='bbox 441 2336 509 2388; x_wconf 89' lang='lat' dir='ltr'>inter</span> <span class='ocrx_word' id='word_1_233' title='bbox 532 2352 600 2404; x_wconf 90' lang='lat' dir='ltr'>sese,</span> <span class='ocrx_word' id='word_1_234' title='bbox 625 2351 779 2404; x_wconf 88' lang='lat' dir='ltr'>proponere.</span> <span class='ocrx_word' id='word_1_235' title='bbox 823 2336 853 2388; x_wconf 92' lang='lat' dir='ltr'>In</span> <span class='ocrx_word' id='word_1_236' title='bbox 876 2337 962 2389; x_wconf 87' lang='lat' dir='ltr'>Gallia</span> <span class='ocrx_word' id='word_1_237' title='bbox 986 2355 1036 2391; x_wconf 93' lang='lat' dir='ltr'>uon</span> 
     </span>
    </p>
   </div>
   <div class='ocr_carea' id='block_1_3' title="bbox 89 2445 1040 2566">
    <p class='ocr_par' dir='ltr' id='par_1_3' title="bbox 89 2445 1040 2566">
     <span class='ocr_line' id='line_1_31' title="bbox 89 2445 1040 2566; baseline 0.002 -56"><span class='ocrx_word' id='word_1_238' title='bbox 89 2445 283 2566; x_wconf 49' lang='grc' dir='ltr'>Μέηξσωιηιιπὶ</span> <span class='ocrx_word' id='word_1_239' title='bbox 290 2465 343 2511; x_wconf 85' lang='lat' dir='ltr'>odio</span> <span class='ocrx_word' id='word_1_240' title='bbox 346 2480 356 2520; x_wconf 90' lang='lat'>,·</span> <span class='ocrx_word' id='word_1_241' title='bbox 369 2464 411 2510; x_wconf 89' lang='lat' dir='ltr'>the</span> <span class='ocrx_word' id='word_1_242' title='bbox 423 2463 527 2511; x_wconf 86' lang='lat' dir='ltr'>ablativa</span> <span class='ocrx_word' id='word_1_243' title='bbox 537 2464 594 2510; x_wconf 90' lang='lat' dir='ltr'>here</span> <span class='ocrx_word' id='word_1_244' title='bbox 606 2463 627 2510; x_wconf 90' lang='lat' dir='ltr'>is</span> <span class='ocrx_word' id='word_1_245' title='bbox 637 2463 777 2522; x_wconf 87' lang='lat' dir='ltr'>equivalent</span> <span class='ocrx_word' id='word_1_246' title='bbox 787 2473 812 2511; x_wconf 89' lang='lat' dir='ltr'>to</span> <span class='ocrx_word' id='word_1_247' title='bbox 817 2473 914 2525; x_wconf 84' lang='lat' dir='ltr'>propter</span> <span class='ocrx_word' id='word_1_248' title='bbox 922 2481 1040 2512; x_wconf 78' lang='lat' dir='ltr'>commune</span> 
     </span>
    </p>
   </div>
   <div class='ocr_carea' id='block_1_4' title="bbox 90 2576 1038 2716">
    <p class='ocr_par' dir='ltr' id='par_1_4' title="bbox 90 2576 1038 2716">
     <span class='ocr_line' id='line_1_32' title="bbox 90 2576 1038 2716; baseline 0.002 -73"><span class='ocrx_word' id='word_1_249' title='bbox 90 2576 463 2716; x_wconf 42' lang='lat' dir='ltr'>&#39;‘grsszlfflgspiilqssijgffi</span> <span class='ocrx_word' id='word_1_250' title='bbox 468 2597 485 2678; x_wconf 49' lang='lat'>;’&#39;</span> <span class='ocrx_word' id='word_1_251' title='bbox 499 2596 550 2644; x_wconf 87' lang='lat' dir='ltr'>tliat</span> <span class='ocrx_word' id='word_1_252' title='bbox 562 2595 592 2652; x_wconf 90' lang='lat' dir='ltr'>is,</span> <span class='ocrx_word' id='word_1_253' title='bbox 606 2601 696 2653; x_wconf 67' lang='lat' dir='ltr'>‘mora</span> <span class='ocrx_word' id='word_1_254' title='bbox 709 2595 733 2644; x_wconf 90' lang='lat' dir='ltr'>in</span> <span class='ocrx_word' id='word_1_255' title='bbox 745 2595 852 2644; x_wconf 76' lang='lat' dir='ltr'>addition</span> <span class='ocrx_word' id='word_1_256' title='bbox 864 2605 889 2643; x_wconf 93' lang='lat' dir='ltr'>to</span> <span class='ocrx_word' id='word_1_257' title='bbox 901 2596 970 2644; x_wconf 88' lang='lat' dir='ltr'>those</span> <span class='ocrx_word' id='word_1_258' title='bbox 983 2596 1038 2645; x_wconf 92' lang='lat' dir='ltr'>who</span> 
     </span>
    </p>
   </div>
   <div class='ocr_carea' id='block_1_5' title="bbox 111 2707 787 2806">
    <p class='ocr_par' dir='ltr' id='par_1_5' title="bbox 111 2707 787 2806">
     <span class='ocr_line' id='line_1_33' title="bbox 111 2707 787 2806; baseline 0 -31"><span class='ocrx_word' id='word_1_259' title='bbox 111 2707 126 2806; x_wconf 53' lang='grc' dir='ltr'>ἰ</span> <span class='ocrx_word' id='word_1_260' title='bbox 144 2716 272 2786; x_wconf 64' lang='lat' dir='ltr'>Pentros,</span> <span class='ocrx_word' id='word_1_261' title='bbox 286 2729 347 2787; x_wconf 86' lang='lat' dir='ltr'>deep</span> <span class='ocrx_word' id='word_1_262' title='bbox 359 2729 410 2776; x_wconf 88' lang='lat' dir='ltr'>into</span> <span class='ocrx_word' id='word_1_263' title='bbox 421 2730 462 2776; x_wconf 90' lang='lat' dir='ltr'>the</span> <span class='ocrx_word' id='word_1_264' title='bbox 474 2729 573 2776; x_wconf 89' lang='lat' dir='ltr'>interior</span> <span class='ocrx_word' id='word_1_265' title='bbox 584 2729 612 2777; x_wconf 86' lang='lat' dir='ltr'>of</span> <span class='ocrx_word' id='word_1_266' title='bbox 624 2729 665 2776; x_wconf 90' lang='lat' dir='ltr'>the</span> <span class='ocrx_word' id='word_1_267' title='bbox 677 2738 787 2788; x_wconf 88' lang='lat' dir='ltr'>country.</span> 
     </span>
    </p>
   </div>
   <div class='ocr_carea' id='block_1_6' title="bbox 83 2785 1038 2980">
    <p class='ocr_par' dir='ltr' id='par_1_6' title="bbox 83 2785 1038 2980">
     <span class='ocr_line' id='line_1_34' title="bbox 86 2785 1037 2908; baseline 0.005 -63"><span class='ocrx_word' id='word_1_268' title='bbox 86 2833 111 2880; x_wconf 48' lang='grc' dir='ltr'>οῖ</span> <span class='ocrx_word' id='word_1_269' title='bbox 145 2785 221 2850; x_wconf 82' lang='lat' dir='ltr'>This</span> <span class='ocrx_word' id='word_1_270' title='bbox 232 2802 316 2870; x_wconf 82' lang='lat' dir='ltr'>clause</span> <span class='ocrx_word' id='word_1_271' title='bbox 328 2802 349 2849; x_wconf 90' lang='lat' dir='ltr'>is</span> <span class='ocrx_word' id='word_1_272' title='bbox 361 2817 392 2848; x_wconf 92' lang='lat' dir='ltr'>no</span> <span class='ocrx_word' id='word_1_273' title='bbox 404 2813 455 2908; x_wconf 65' lang='lat' dir='ltr'>part</span> <span class='ocrx_word' id='word_1_274' title='bbox 467 2802 495 2849; x_wconf 86' lang='lat' dir='ltr'>os</span> <span class='ocrx_word' id='word_1_275' title='bbox 507 2801 548 2848; x_wconf 90' lang='lat' dir='ltr'>the</span> <span class='ocrx_word' id='word_1_276' title='bbox 560 2813 639 2871; x_wconf 80' lang='lat' dir='ltr'>report</span> <span class='ocrx_word' id='word_1_277' title='bbox 651 2802 679 2870; x_wconf 85' lang='lat' dir='ltr'>os</span> <span class='ocrx_word' id='word_1_278' title='bbox 691 2802 732 2864; x_wconf 76' lang='lat' dir='ltr'>the</span> <span class='ocrx_word' id='word_1_279' title='bbox 745 2800 811 2857; x_wconf 88' lang='lat' dir='ltr'>Ubii,</span> <span class='ocrx_word' id='word_1_280' title='bbox 825 2804 868 2849; x_wconf 92' lang='lat' dir='ltr'>but</span> <span class='ocrx_word' id='word_1_281' title='bbox 880 2818 894 2848; x_wconf 87' lang='lat' dir='ltr'>a</span> <span class='ocrx_word' id='word_1_282' title='bbox 904 2811 1037 2850; x_wconf 88' lang='lat' dir='ltr'>statement</span> 
     </span>
     <span class='ocr_line' id='line_1_35' title="bbox 83 2848 1037 2967; baseline 0 -57"><span class='ocrx_word' id='word_1_283' title='bbox 83 2848 250 2961; x_wconf 52' lang='lat' dir='ltr'>Baeeegesar</span> <span class='ocrx_word' id='word_1_284' title='bbox 269 2861 372 2908; x_wconf 79' lang='lat' dir='ltr'>himself</span> <span class='ocrx_word' id='word_1_285' title='bbox 375 2895 382 2967; x_wconf 63' lang='grc' dir='ltr'>ἰ</span> <span class='ocrx_word' id='word_1_286' title='bbox 423 2877 482 2929; x_wconf 80' lang='lat' dir='ltr'>erice</span> <span class='ocrx_word' id='word_1_287' title='bbox 504 2862 545 2908; x_wconf 90' lang='lat' dir='ltr'>the</span> <span class='ocrx_word' id='word_1_288' title='bbox 565 2861 694 2909; x_wconf 81' lang='lat' dir='ltr'>indicative</span> <span class='ocrx_word' id='word_1_289' title='bbox 713 2864 855 2923; x_wconf 81' lang='lat' dir='ltr'>appellatur.</span> <span class='ocrx_word' id='word_1_290' title='bbox 888 2861 943 2908; x_wconf 90' lang='lat' dir='ltr'>The</span> <span class='ocrx_word' id='word_1_291' title='bbox 962 2862 1037 2930; x_wconf 79' lang='lat' dir='ltr'>forest</span> 
     </span>
     <span class='ocr_line' id='line_1_36' title="bbox 193 2920 1038 2980; baseline 0.005 -15"><span class='ocrx_word' id='word_1_292' title='bbox 193 2933 214 2969; x_wconf 88' lang='lat' dir='ltr'>rs</span> <span class='ocrx_word' id='word_1_293' title='bbox 226 2938 246 2970; x_wconf 91' lang='lat' dir='ltr'>is</span> <span class='ocrx_word' id='word_1_294' title='bbox 258 2935 372 2969; x_wconf 85' lang='lat' dir='ltr'>common</span> <span class='ocrx_word' id='word_1_295' title='bbox 383 2936 398 2980; x_wconf 91' lang='lat' dir='ltr'>y</span> <span class='ocrx_word' id='word_1_296' title='bbox 410 2921 521 2969; x_wconf 88' lang='lat' dir='ltr'>believed</span> <span class='ocrx_word' id='word_1_297' title='bbox 533 2932 557 2968; x_wconf 93' lang='lat' dir='ltr'>to</span> <span class='ocrx_word' id='word_1_298' title='bbox 569 2922 630 2968; x_wconf 87' lang='lat' dir='ltr'>have</span> <span class='ocrx_word' id='word_1_299' title='bbox 642 2923 704 2969; x_wconf 87' lang='lat' dir='ltr'>been</span> <span class='ocrx_word' id='word_1_300' title='bbox 716 2930 791 2979; x_wconf 83' lang='lat' dir='ltr'>spart</span> <span class='ocrx_word' id='word_1_301' title='bbox 805 2920 833 2967; x_wconf 85' lang='lat' dir='ltr'>of</span> <span class='ocrx_word' id='word_1_302' title='bbox 845 2921 886 2967; x_wconf 89' lang='lat' dir='ltr'>the</span> <span class='ocrx_word' id='word_1_303' title='bbox 898 2920 1038 2980; x_wconf 88' lang='lat' dir='ltr'>Hercyniati</span> 
     </span>
    </p>
   </div>
   <div class='ocr_carea' id='block_1_7' title="bbox 81 2948 1039 3077">
    <p class='ocr_par' dir='ltr' id='par_1_7' title="bbox 81 2948 1039 3077">
     <span class='ocr_line' id='line_1_37' title="bbox 81 2948 1039 3077; baseline 0.003 -52"><span class='ocrx_word' id='word_1_304' title='bbox 81 2948 193 3077; x_wconf 45' lang='lat' dir='ltr'>svssgffii</span> <span class='ocrx_word' id='word_1_305' title='bbox 208 2980 253 3029; x_wconf 85' lang='lat' dir='ltr'>and</span> <span class='ocrx_word' id='word_1_306' title='bbox 267 2979 400 3039; x_wconf 87' lang='lat' dir='ltr'>especially</span> <span class='ocrx_word' id='word_1_307' title='bbox 412 2980 464 3063; x_wconf 79' lang='lat' dir='ltr'>that</span> <span class='ocrx_word' id='word_1_308' title='bbox 480 2991 532 3039; x_wconf 89' lang='lat' dir='ltr'>part</span> <span class='ocrx_word' id='word_1_309' title='bbox 544 2980 624 3028; x_wconf 89' lang='lat' dir='ltr'>which</span> <span class='ocrx_word' id='word_1_310' title='bbox 641 2981 661 3028; x_wconf 91' lang='lat' dir='ltr'>is</span> <span class='ocrx_word' id='word_1_311' title='bbox 677 2995 733 3028; x_wconf 86' lang='lat' dir='ltr'>now</span> <span class='ocrx_word' id='word_1_312' title='bbox 744 2979 822 3027; x_wconf 87' lang='lat' dir='ltr'>called</span> <span class='ocrx_word' id='word_1_313' title='bbox 839 2980 880 3026; x_wconf 88' lang='lat' dir='ltr'>the</span> <span class='ocrx_word' id='word_1_314' title='bbox 898 2980 1039 3041; x_wconf 86' lang='lat' dir='ltr'>Thiiringer</span> 
     </span>
    </p>
   </div>
   <div class='ocr_carea' id='block_1_8' title="bbox 107 3083 1020 3173">
    <p class='ocr_par' dir='ltr' id='par_1_8' title="bbox 107 3083 1020 3173">
     <span class='ocr_line' id='line_1_38' title="bbox 107 3083 1020 3173; baseline 0 -13"><span class='ocrx_word' id='word_1_315' title='bbox 107 3083 124 3110; x_wconf 44' lang='grc' dir='ltr'><strong>ὅ</strong></span> <span class='ocrx_word' id='word_1_316' title='bbox 141 3093 265 3161; x_wconf 59' lang='lat' dir='ltr'>Noricus</span> <span class='ocrx_word' id='word_1_317' title='bbox 277 3112 298 3161; x_wconf 92' lang='lat' dir='ltr'>is</span> <span class='ocrx_word' id='word_1_318' title='bbox 309 3113 376 3161; x_wconf 87' lang='lat' dir='ltr'>what</span> <span class='ocrx_word' id='word_1_319' title='bbox 388 3129 425 3161; x_wconf 88' lang='lat' dir='ltr'>wa</span> <span class='ocrx_word' id='word_1_320' title='bbox 437 3112 483 3161; x_wconf 89' lang='lat' dir='ltr'>call</span> <span class='ocrx_word' id='word_1_321' title='bbox 496 3113 624 3170; x_wconf 70' lang='lat' dir='ltr'>‘natural&#39;</span> <span class='ocrx_word' id='word_1_322' title='bbox 637 3129 664 3161; x_wconf 90' lang='lat' dir='ltr'>or</span> <span class='ocrx_word' id='word_1_323' title='bbox 677 3113 762 3160; x_wconf 83' lang='lat' dir='ltr'>‘made</span> <span class='ocrx_word' id='word_1_324' title='bbox 774 3115 807 3173; x_wconf 89' lang='lat' dir='ltr'>by</span> <span class='ocrx_word' id='word_1_325' title='bbox 817 3123 903 3160; x_wconf 88' lang='lat' dir='ltr'>nature</span> <span class='ocrx_word' id='word_1_326' title='bbox 915 3111 1020 3160; x_wconf 64' lang='lat' dir='ltr'>herself)</span> 
     </span>
    </p>
   </div>
   <div class='ocr_carea' id='block_1_9' title="bbox 71 3155 1037 3430">
    <p class='ocr_par' dir='ltr' id='par_1_9' title="bbox 71 3155 1037 3430">
     <span class='ocr_line' id='line_1_39' title="bbox 106 3155 123 3182; baseline 0 0"><span class='ocrx_word' id='word_1_327' title='bbox 106 3155 123 3182; x_wconf 74' lang='lat'>0</span> 
     </span>
     <span class='ocr_line' id='line_1_40' title="bbox 71 3165 1035 3265; baseline 0 -34"><span class='ocrx_word' id='word_1_328' title='bbox 71 3165 285 3265; x_wconf 55' lang='grc' dir='ltr'>ιιηᾱῖἰνοὶιῶενε</span> <span class='ocrx_word' id='word_1_329' title='bbox 299 3186 345 3234; x_wconf 89' lang='lat' dir='ltr'>has</span> <span class='ocrx_word' id='word_1_330' title='bbox 363 3187 421 3234; x_wconf 90' lang='lat' dir='ltr'>here</span> <span class='ocrx_word' id='word_1_331' title='bbox 438 3203 452 3235; x_wconf 85' lang='lat' dir='ltr'>a</span> <span class='ocrx_word' id='word_1_332' title='bbox 468 3186 568 3234; x_wconf 89' lang='lat' dir='ltr'>twosold</span> <span class='ocrx_word' id='word_1_333' title='bbox 585 3187 711 3247; x_wconf 83' lang='lat' dir='ltr'>meaning3</span> <span class='ocrx_word' id='word_1_334' title='bbox 730 3188 835 3246; x_wconf 88' lang='lat' dir='ltr'>uamely,</span> <span class='ocrx_word' id='word_1_335' title='bbox 851 3192 890 3233; x_wconf 87' lang='lat' dir='ltr'>‘to</span> <span class='ocrx_word' id='word_1_336' title='bbox 905 3186 1035 3244; x_wconf 86' lang='lat' dir='ltr'>separate,&#39;</span> 
     </span>
     <span class='ocr_line' id='line_1_41' title="bbox 182 3245 1036 3304; baseline 0 -12"><span class='ocrx_word' id='word_1_337' title='bbox 182 3248 213 3292; x_wconf 80' lang='grc' dir='ltr'>ῑο</span> <span class='ocrx_word' id='word_1_338' title='bbox 225 3255 325 3304; x_wconf 88' lang='lat' dir='ltr'>prevent</span> <span class='ocrx_word' id='word_1_339' title='bbox 337 3245 415 3293; x_wconf 83' lang='lat' dir='ltr'>from’</span> <span class='ocrx_word' id='word_1_340' title='bbox 449 3247 477 3295; x_wconf 95' lang='lat' dir='ltr'>In</span> <span class='ocrx_word' id='word_1_341' title='bbox 494 3247 536 3293; x_wconf 89' lang='lat' dir='ltr'>the</span> <span class='ocrx_word' id='word_1_342' title='bbox 552 3246 603 3294; x_wconf 89' lang='lat' dir='ltr'>first</span> <span class='ocrx_word' id='word_1_343' title='bbox 615 3261 696 3301; x_wconf 89' lang='lat' dir='ltr'>sense,</span> <span class='ocrx_word' id='word_1_344' title='bbox 710 3246 727 3292; x_wconf 88' lang='lat' dir='ltr'>it</span> <span class='ocrx_word' id='word_1_345' title='bbox 740 3259 805 3293; x_wconf 91' lang='lat' dir='ltr'>must</span> <span class='ocrx_word' id='word_1_346' title='bbox 817 3249 846 3293; x_wconf 90' lang='lat' dir='ltr'>be</span> <span class='ocrx_word' id='word_1_347' title='bbox 859 3247 932 3294; x_wconf 84' lang='lat' dir='ltr'>talren</span> <span class='ocrx_word' id='word_1_348' title='bbox 943 3246 968 3291; x_wconf 94' lang='lat' dir='ltr'>in</span> <span class='ocrx_word' id='word_1_349' title='bbox 979 3260 1036 3292; x_wconf 90' lang='lat' dir='ltr'>con·</span> 
     </span>
     <span class='ocr_line' id='line_1_42' title="bbox 166 3303 1037 3366; baseline 0.002 -16"><span class='ocrx_word' id='word_1_350' title='bbox 166 3309 210 3351; x_wconf 79' lang='lat'>011</span> <span class='ocrx_word' id='word_1_351' title='bbox 222 3304 282 3351; x_wconf 93' lang='lat' dir='ltr'>with</span> <span class='ocrx_word' id='word_1_352' title='bbox 293 3304 420 3353; x_wconf 73' lang='lat' dir='ltr'>Cheruscos</span> <span class='ocrx_word' id='word_1_353' title='bbox 431 3323 446 3353; x_wconf 86' lang='lat' dir='ltr'>a</span> <span class='ocrx_word' id='word_1_354' title='bbox 458 3306 554 3362; x_wconf 76' lang='lat' dir='ltr'>Suavis,</span> <span class='ocrx_word' id='word_1_355' title='bbox 566 3306 702 3366; x_wconf 79' lang='lat' dir='ltr'>Saevosque</span> <span class='ocrx_word' id='word_1_356' title='bbox 712 3307 739 3352; x_wconf 82' lang='lat' dir='ltr'>ab</span> <span class='ocrx_word' id='word_1_357' title='bbox 753 3305 888 3362; x_wconf 54' lang='lat' dir='ltr'>clemicia-</span> <span class='ocrx_word' id='word_1_358' title='bbox 902 3303 948 3356; x_wconf 83' lang='lat' dir='ltr'>and</span> <span class='ocrx_word' id='word_1_359' title='bbox 960 3305 984 3352; x_wconf 89' lang='lat' dir='ltr'>in</span> <span class='ocrx_word' id='word_1_360' title='bbox 995 3304 1037 3352; x_wconf 78' lang='lat' dir='ltr'>the</span> 
     </span>
     <span class='ocr_line' id='line_1_43' title="bbox 156 3360 816 3430; baseline 0.003 -19"><span class='ocrx_word' id='word_1_361' title='bbox 156 3360 172 3395; x_wconf 58' lang='grc' dir='ltr'><em>ἲ</em></span> <span class='ocrx_word' id='word_1_362' title='bbox 177 3389 187 3411; x_wconf 72' lang='lat'><em>2</em></span> <span class='ocrx_word' id='word_1_363' title='bbox 207 3363 232 3411; x_wconf 92' lang='lat' dir='ltr'>iii</span> <span class='ocrx_word' id='word_1_364' title='bbox 243 3364 386 3412; x_wconf 84' lang='lat' dir='ltr'>connection</span> <span class='ocrx_word' id='word_1_365' title='bbox 398 3365 457 3415; x_wconf 86' lang='lat' dir='ltr'>with</span> <span class='ocrx_word' id='word_1_366' title='bbox 469 3367 569 3430; x_wconf 70' lang='lat' dir='ltr'>taleriis</span> <span class='ocrx_word' id='word_1_367' title='bbox 581 3365 816 3427; x_wconf 78' lang='lat' dir='ltr'>iricirrsioaibusque.</span> 
     </span>
    </p>
   </div>
   <div class='ocr_carea' id='block_1_10' title="bbox 66 3282 164 3388">
    <p class='ocr_par' dir='ltr' id='par_1_10' title="bbox 66 3282 164 3388">
     <span class='ocr_line' id='line_1_44' title="bbox 69 3282 164 3334; baseline -0.011 -21"><span class='ocrx_word' id='word_1_368' title='bbox 69 3282 164 3334; x_wconf 63' lang='lat' dir='ltr'>necti</span> 
     </span>
     <span class='ocr_line' id='line_1_45' title="bbox 66 3333 154 3388; baseline -0.011 -16"><span class='ocrx_word' id='word_1_369' title='bbox 66 3333 154 3388; x_wconf 64' lang='lat' dir='ltr'>tutte</span> 
     </span>
    </p>
   </div>
   <div class='ocr_carea' id='block_1_11' title="bbox 0 0 1130 3736">
    <p class='ocr_par' dir='ltr' id='par_1_11' title="bbox 0 0 1130 3736">
     <span class='ocr_line' id='line_1_46' title="bbox 0 0 1130 3736; baseline 0 0"><span class='ocrx_word' id='word_1_370' title='bbox 0 0 1130 3736; x_wconf 95' lang='lat' dir='ltr'> </span> 
     </span>
    </p>
   </div>
  </div>
 </body>
</html>
