2250 3736
125 222 186 282 202
435 243 475 282 na
497 243 594 282 suono
616 242 752 283 exscreo.

126 349 225 402 nissent
237 360 264 402 et
276 350 311 403 de
324 359 393 403 statu
406 349 521 402 civitatis
540 351 743 418 cognovissent,¹
755 349 909 404 Litavicum
920 351 1057 407 Bibracte¹

124 419 160 471 ab
176 420 277 472 Aeduis
293 430 437 489 receptum,
457 419 526 488 quod
547 429 588 471 est
607 419 735 488 oppidum
755 419 825 488 apud
846 437 894 471 eos
913 423 1056 476 maximae

123 490 294 556 auctoritatis,
319 489 556 541 Convictolitanem
578 492 763 556 magistratum
786 505 972 558 magnamque
996 510 1054 561 par·

124 565 178 608 tem
199 567 307 609 senatus
324 558 359 609 atl
377 575 441 609 eum
459 559 622 625 convenisse,
641 558 740 624 legatos
758 557 791 609 ad
805 558 1056 628 Vercingetorigem

123 625 159 678 de
178 643 245 694 pace
264 637 291 678 et
308 627 426 678 amicitia
438 627 606 678 concilianda
618 626 724 695 publice
737 627 847 678 missos:
868 644 920 678 non
934 639 1055 696 praeter-

123 695 285 747 mittendum
309 704 413 747 tanturn
432 697 605 747 commodum
625 696 851 748 existimaverunt.
889 697 994 767 ltaque,
1014 699 1055 750 in-

123 764 241 815 terfectis
265 765 416 817 Novioduni
440 764 601 833 custodibus,
626 765 735 833 quique⁸
759 780 790 815 eo
819 766 976 832 negotiandi
1005 777 1054 821 aut

123 831 226 885 itineris
243 836 333 885 causa⁴
350 842 535 901 converrerent,
556 834 696 901 pecuniam
720 841 800 900 atque
826 851 909 901 equos
933 835 1003 888 inter
1022 855 1053 889 se

160 903 210 953 rtiti
231 913 305 970 sunt,
323 902 430 955 obsides
448 903 586 954 civitatum
605 902 727 954 Bibracte
745 901 779 952 ad
797 905 987 970 magistratum
1005 904 1054 957 de·

142 970 260 1022 ucendos
277 979 450 1038 curaverunt,
469 971 604 1040 oppidum,
618 971 688 1038 quod
706 970 741 1022 ab
759 988 788 1023 se
807 973 891 1023 teneri
904 989 957 1024 non
972 991 1052 1042 posse

121 1037 284 1109 judicabant,
298 1057 330 1091 ne
348 1041 393 1092 cui
410 1049 481 1092 esset
493 1040 553 1091 usui
564 1040 698 1108 Romanis,
713 1039 901 1107 incenderunt;
920 1041 1052 1097 frumenti

122 1109 203 1177 quod⁶
220 1109 307 1161 subito
325 1116 463 1178 potuerunt
481 1109 595 1161 navibus
611 1117 765 1177 avexerunt,
785 1109 918 1177 reliquum
937 1111 1052 1164 flumine

121 1187 202 1246 atque
222 1177 342 1229 incendio
361 1187 546 1246 competunt,
570 1179 620 1256 ipsi
639 1194 674 1230 ex
691 1178 810 1230 finitimis
835 1179 989 1245 regionibus
1006 1197 1051 1232 co·

121 1247 181 1315 pias
204 1263 306 1313 cogere,
331 1247 464 1316 praesidia
487 1247 674 1316 custodiasque
698 1246 732 1298 ad
752 1247 822 1315 ripas
839 1248 942 1315 Ligeris
960 1249 1050 1318 dispo·

121 1331 193 1384 nere,
207 1317 408 1384 equitatumque
421 1315 546 1367 omnibus
558 1316 631 1384 locis,
641 1315 776 1384 injiciendi
789 1316 893 1367 timoris
905 1333 996 1385 causa,
1007 1336 1049 1371 os·

122 1394 224 1436 tentare
242 1395 392 1453 coeperunt,
413 1385 435 1436 si
452 1384 487 1436 ab
505 1402 533 1436 re
552 1385 724 1436 frumentaria
741 1385 874 1436 Romanos
892 1385 1048 1458 excludere,

121 1462 167 1504 aut
186 1453 325 1505 adductos⁰
336 1454 423 1521 inopia
441 1471 476 1505 ex
494 1454 629 1520 provincia
647 1452 789 1504 excludere
802 1463 919 1521 possent.
958 1455 1049 1513 Quam

120 1521 155 1573 ad
174 1539 252 1590 spem
269 1523 385 1574 multum
403 1539 449 1574 eos
467 1522 616 1591 adjuvabat,
636 1522 704 1590 quod
724 1522 802 1589 Liger
814 1540 848 1574 ex
865 1523 972 1575 nivibus
990 1542 1048 1577 cre·

121 1600 203 1659 verat,
212 1601 240 1644 ut
249 1591 357 1643 omnino
363 1591 430 1642 vado
439 1608 489 1642 non
504 1609 580 1660 posse
594 1591 697 1642 transiri
710 1590 851 1642 videretur.

156 1664 197 1711 56.
217 1660 319 1718 Quibus
333 1661 410 1712 rebus
422 1661 541 1728 cognitis,
555 1661 653 1712 Caesar
664 1659 852 1712 maturandum
864 1660 913 1712 sibi
932 1664 1046 1728 censuit,

121 1727 144 1779 si
156 1738 227 1780 essct
240 1730 265 1780 in
279 1729 447 1797 perficiendis
459 1731 581 1797 pontibus
599 1728 812 1797 periclitandum,
825 1739 854 1780 ut
871 1730 944 1798 prius
962 1747 1048 1799 quam

120 1808 211 1848 essent
223 1797 339 1866 majores
356 1815 387 1850 eo
406 1808 513 1849 coactae
526 1798 627 1866 copiae,
641 1797 790 1849 dimicaret.
827 1799 908 1866 Nam,
920 1799 960 1850 ut⁷
972 1817 1046 1852 com-

120 1875 222 1917 mutato
241 1867 351 1918 consilio
368 1867 418 1918 iter
436 1867 461 1918 in
480 1867 643 1935 provinciam
661 1874 834 1934 converteret,
847 1876 876 1919 ut
894 1884 947 1919 non
965 1886 1046 1921 nemo

121 1941 184 1985 tunc
208 1934 316 2002 quidem
340 1936 491 1986 necessario
514 1934 670 1987 faciundum
693 1935 870 2004 existimabat,
895 1952 982 2004 quum
1005 1939 1046 1990 in-

121 2000 202 2054 l'smia
220 2012 300 2072 atque
318 2003 462 2071 indignitas
481 2005 519 2056 rei
538 2012 565 2056 et
582 2005 718 2072 oppositus
735 2020 812 2056 mons
830 2005 957 2057 Cevenna
977 2007 1045 2059 viar·

149 2127 157 2154 ¹
170 2125 320 2193 Cognoscere,
337 2131 376 2172 ‘to
388 2126 474 2190 collect
486 2126 637 2194 information
649 2128 722 2193 abqut
734 2143 748 2173 a
759 2126 828 2194 thing
836 2127 853 2183 3’
871 2129 953 2195 butas
965 2140 989 2176 at
1001 2130 1045 2178 the

120 2199 187 2231 same
199 2195 257 2231 trme
273 2195 290 2231 rt
306 2185 414 2232 contains
432 2186 473 2232 the
491 2184 544 2232 rdee
560 2185 589 2232 of
604 2185 734 2244 ‘leernrng'
748 2200 774 2232 or
788 2185 974 2247 ‘discovering’
988 2189 1006 2235 it
1024 2190 1045 2236 'rs

119 2241 276 2302 followedby
288 2244 328 2290 the
340 2244 476 2290 accusative
489 2244 548 2290 with
559 2243 600 2290 the
612 2243 737 2291 infinitive.
765 2244 856 2292 Sense:
874 2245 973 2293 ‘When
984 2247 1045 2307 they

119 2300 292 2407 ppdtgappered
304 2302 458 2350 insormsticn
468 2304 541 2349 about
553 2303 594 2349 the
606 2302 728 2350 condition
736 2303 764 2349 of
771 2302 812 2350 the
823 2313 895 2360 state,
907 2305 954 2352 and
964 2304 1044 2354 learnt

148 2376 162 2407 a
176 2395 182 2416 ‚
234 2377 255 2407 c.

148 2432 282 2488 'Bibracte
296 2433 337 2479 the
349 2432 448 2480 modern
457 2432 552 2488 Autun,
564 2432 578 2479 i.
587 2436 624 2488 23,
635 2442 691 2479 note
702 2437 724 2480 2.
750 2433 821 2481 Latin
831 2451 916 2483 names
926 2436 955 2483 of
961 2445 1044 2488 towns

119 2491 146 2539 of
154 2492 195 2538 the
207 2490 259 2538 first
270 2491 409 2539 declension
420 2492 509 2552 ending
518 2492 541 2538 in
551 2509 570 2547 e,
580 2507 606 2538 as
616 2491 696 2547 Caere,
705 2490 788 2547 Recte,
797 2493 935 2551 Praeneste,
947 2511 988 2543 are
999 2509 1044 2556 put

119 2550 145 2598 in
155 2550 197 2597 the
208 2549 321 2606 ablative,
335 2551 360 2596 in
370 2566 465 2598 answer
476 2562 501 2597 to
513 2551 553 2597 tlte
565 2550 679 2609 question
690 2550 790 2600 where?

149 2624 158 2652 ⁸
169 2621 256 2669 Before
267 2625 354 2682 quique
364 2622 452 2682 supply
463 2624 502 2670 iis.

130 2695 266 2776 “Itiner’is
284 2712 365 2752 causo,
389 2695 444 2743 ‘led
464 2697 530 2755 bys
547 2694 668 2756 journey,’
689 2710 717 2742 or
737 2695 776 2744 ‘in
796 2713 963 2758 consequence
984 2698 1013 2747 os
1030 2716 1046 2749 a

122 2769 241 2934 :Zigridd
257 2827 300 2875 has
317 2827 359 2875 the
376 2827 489 2887 meaning
505 2826 533 2874 of
545 2836 637 2875 tactum
654 2837 776 2888 quantum,
793 2834 833 2878 ‘as
851 2829 923 2878 much
940 2846 967 2880 as
985 2831 1046 2893 they

151 2958 160 2984 ⁸
169 2956 288 3005 Adductoe
299 2960 417 3005 excludere
424 2967 520 3019 possent
523 2975 533 3014 ,·
549 2957 601 3004 that
610 2958 639 3014 is,
651 2963 657 2984 ‘
665 2959 775 3008 whether
783 2960 842 3020 they
848 2961 928 3018 could,
937 2964 970 3022 by
979 2973 1045 3014 want

122 3014 150 3120 ἓξ
157 3015 414 3130 lissvssssi’vffss'css'levem
426 3017 492 3064 them
504 3016 565 3064 stom
576 3018 719 3078 returning,’
733 3035 760 3067 or
773 3025 827 3068 ‘cut
839 3020 877 3068 off
888 3021 951 3070 their
961 3032 1046 3072 return

152 3144 161 3171 ¹
175 3143 206 3190 Ut
227 3145 284 3191 here
297 3146 317 3193 is
332 3147 457 3208 ‘granting
467 3149 537 3204 that‚’
554 3149 702 3210 ‘supposing
715 3149 786 3207 that,’
800 3151 872 3199 while
888 3152 914 3200 in
929 3152 971 3201 the
987 3165 1047 3203 next

124 3201 206 3250 clause
217 3203 258 3250 the
270 3214 296 3250 ot
313 3204 420 3266 signifies
435 3208 499 3253 ‘est'
521 3207 571 3254 ‘lor
586 3210 717 3270 supposing
733 3209 764 3256 he
781 3211 888 3259 directed
904 3212 942 3260 his
958 3229 1047 3263 course

124 3261 230 3308 towards
242 3262 282 3310 the
293 3265 414 3323 province,
428 3278 455 3312 us
466 3282 534 3312 some
546 3281 646 3325 persons
659 3267 735 3324 then‚'
750 3270 798 3317 dcc.
