2250 3736
509 246 600 285 cisun
621 247 653 287 11.
1004 229 1041 286 71

151 337 283 423 ‘lbsidium
293 354 364 424 quod
377 355 498 408 submitti
509 363 606 424 posset,
616 363 691 407 scuto
699 354 733 408 ab
743 354 894 408 novissimis
904 355 951 408 uni
965 355 1042 408 militi

161 417 253 493 etracto,
265 424 332 493 quod
353 425 412 493 ipse
432 441 464 476 eo
483 426 540 476 siue
559 434 634 476 scuto
648 433 763 492 venerat,
778 425 804 476 iu
823 426 937 493 primam
956 425 1043 478 aciem

135 484 254 591 Kfflcessit
270 494 521 563 centurionibusque
540 494 695 546 nominatim
714 494 856 562 appellatis
875 495 989 563 reliquos
1000 510 1043 546 co·

141 560 246 629 filiales
261 565 360 616 milites
378 565 453 632 sigua
473 564 567 615 inserte
587 573 613 615 et
629 563 779 631 manipulos
791 563 880 615 laxare
891 564 977 634 jussit,
991 579 1043 632 quo

130 608 233 682 lacllius
243 633 336 700 gladiis
347 633 387 685 uti
399 643 515 701 possent.
546 632 629 702 Cujus
640 634 758 684 adventu
770 650 816 700 spe
830 632 902 684 illata
915 634 1044 686 militibus

124 691 158 731 ³0
172 701 346 770 redintegrato
358 704 455 770 auimo,
469 719 533 754 cum
545 720 590 770 pro
604 719 632 753 se
648 702 771 770 quisque¹
789 702 814 753 in
833 713 977 771 conspectu
995 704 1044 755 im-

104 759 251 822 seranus
263 772 345 824 etiam
358 772 383 823 in
397 772 524 824 extremis
533 771 588 824 suis
600 771 680 823 rebus
692 788 800 840 operam
814 788 911 824 navare
924 781 1042 842 cuperet,

109 828 236 892 paulum
249 841 495 909 hostiumjmpetus
508 841 626 893 tardatus
638 849 687 892 est.

105 947 112 957 .
152 901 205 960 26.
224 911 326 979 Caesar,
336 928 398 963 curn
409 911 551 979 septimam
561 910 701 978 legionem,
715 926 784 978 quae
796 908 872 978 juxta
884 911 1043 979 constiterat,

98 959 191 1028 lt‘³111
211 981 297 1048 urgeri
318 981 352 1033 ab
374 980 450 1032 hoste
471 979 587 1049 vidisset,
608 979 726 1031 tribunos
746 979 864 1031 militum
885 982 995 1047 monuit,
1016 988 1045 1032 ut

90 1033 252 1142 gauleum
278 1067 338 1102 sese
363 1049 482 1117 legiones
505 1049 694 1119 conjungerent
719 1056 745 1100 et
767 1065 894 1100 conversa
915 1051 999 1116 sigua'
1019 1050 1045 1101 in

119 1113 215 1170 ⁰⁸tes
227 1119 363 1171 inferrent.
400 1119 459 1176 Quo
471 1117 549 1186 lacto,
563 1136 626 1171 cum
643 1117 712 1169 alius
730 1117 775 1168 alii
794 1118 941 1170 subsidium
955 1118 1044 1187 ferret,

85 1171 213 1258 neque
226 1190 359 1257 timerent,
370 1205 403 1240 ne
413 1188 550 1240 aversi³ab
558 1188 634 1239 hoste
644 1187 907 1254 circumvenirentur,
916 1187 1046 1239 audacius

81 1239 248 1309 reststere
266 1275 298 1309 ac
318 1258 412 1310 fortius
430 1274 546 1325 pugnare
559 1266 712 1325 coeperunt.
749 1257 858 1308 Interim
871 1257 969 1308 milites
982 1257 1045 1324 legi·

77 1311 204 1379 onum
224 1327 348 1396 duarum,
362 1344 431 1395 quae
451 1328 479 1379 iri
497 1327 639 1378 novissimo
657 1327 764 1393 agmine
783 1326 915 1394 praesidio
934 1327 1045 1395 impedi·

72 1377 222 1448 Inentis
235 1397 349 1465 fuerant,
363 1396 461 1466 proelio
476 1397 595 1448 nuntiato
608 1413 686 1448 cursu
699 1395 806 1447 incitato
819 1394 845 1446 in
860 1412 965 1446 summo
978 1395 1046 1449 colle

69 1441 135 1498 ab
150 1456 528 1538 hostibuscouspiciebantur
536 1468 552 1533 ,⁴
564 1475 590 1516 et
599 1464 1046 1518 TitusLabienuscastrishostium

102 1531 224 1587 Otrtus
236 1545 263 1586 et
277 1553 310 1588 ex
324 1536 382 1587 loco
397 1553 427 1587 su
448 1536 539 1603 eriore,
553 1552 623 1603 quae
643 1551 685 1585 res
704 1534 731 1586 in
750 1533 845 1586 nostris
862 1535 954 1585 castris
971 1552 1046 1602 gere·

90 1597 220 1673 etltur,
235 1605 405 1672 conspicatus
423 1553 556 1657 decimam
576 1603 709 1671 legionem
725 1604 843 1656 subsidio
857 1605 951 1654 nostris
963 1604 1045 1656 misit.

117 1667 165 1719 υἱ
194 1692 259 1727 cum
279 1692 312 1726 ex
330 1674 451 1743 equitum
472 1682 498 1724 et
513 1673 635 1725 calonum
652 1673 723 1741 luga,
737 1691 789 1741 quo
802 1673 827 1724 in
841 1672 898 1725 loco
911 1689 954 1724 res
966 1681 1044 1742 esset,

101 1737 279 1812 u‘lutoque
293 1743 318 1794 in
332 1743 448 1812 periculo
462 1751 488 1794 et
501 1752 587 1795 castra
600 1751 627 1794 et
639 1741 757 1809 legiones
770 1751 796 1794 et
806 1743 948 1810 imperator
959 1759 1046 1793 versa-

85 1805 201 1881 etur,
216 1813 411 1881 cognovissent,
425 1811 491 1863 nihil
509 1812 542 1863 ad
558 1812 722 1863 celeritatem
736 1811 785 1863 sibi
800 1811 893 1880 reliqui
906 1811 1046 1864 lecerunt.¹

134 1877 199 1935 27,
220 1883 324 1934 Horum
342 1881 461 1934 adventu
480 1890 553 1933 tanta
571 1898 658 1932 rerum
678 1882 851 1933 commutatio
870 1890 910 1933 est
926 1881 1003 1949 facta,
1016 1894 1047 1934 ut

53 1932 205 2008 Il9⁵¹›tri
224 1953 308 2005 etiam
327 1951 373 2020 qui
384 1950 539 2003 vulneribus
558 1950 672 2002 conlecti
690 1951 899 2018 procubuissent,
914 1951 997 2003 scutis
1008 1951 1046 2002 in·

52 2000 175 2071 ¹¹¹³st
198 2021 330 2090 proelium
351 2020 566 2088 redintegrarent,
583 2028 639 2072 tum
660 2019 767 2071 calones
785 2020 936 2088 penerritos
957 2020 1047 2072 hostes

54 2074 159 2134 ‘³0¹1
167 2091 270 2159 spicati
282 2090 363 2143 etiam
377 2091 493 2142 inermes
505 2090 615 2142 armatis
627 2098 802 2157 occurrerent,
817 2089 921 2158 equites
932 2106 1003 2156 vero,
1017 2098 1047 2141 ut
1074 2095 1077 2100 '

79 2148 317 2223 urpitudinem
329 2159 410 2226 fugae
423 2158 519 2211 virtute
532 2159 659 2227 delerent,
673 2158 799 2210 omnibus
816 2159 842 2209 in
860 2158 926 2209 locis
940 2174 1047 2227 pugnae

58 2211 122 2317 ξε
161 2224 324 2297 legionariis
342 2227 473 2281 militibus
489 2227 672 2297 praeferrent.u
706 2230 742 2280 At
760 2226 851 2282 hostes
867 2227 948 2278 etiam
962 2227 987 2278 in
1001 2244 1046 2280 ex-

86 2288 143 2335 re
151 2309 210 2350 nra
223 2316 270 2368 spe
284 2299 378 2350 salutis
390 2305 491 2349 tantam
501 2298 628 2349 virtutem
640 2297 833 2365 praestiterunt,
845 2303 882 2362 ut,
893 2313 956 2347 cum
968 2295 1047 2363 primi

63 2351 218 2420 eol'tam
238 2368 408 2435 cecidissent,
430 2366 543 2435 proximi
565 2365 717 2434 jacentibus
740 2365 891 2416 insisterent
911 2374 992 2432 atque
1013 2381 1047 2418 ex

67 2421 218 2491 eorum
231 2437 385 2510 corporibus
396 2444 545 2509 pugnarent
552 2452 559 2504 3
575 2435 618 2490 his
629 2433 741 2507 dejectis
754 2441 780 2489 et
792 2433 955 2486 coacervatis
968 2434 1046 2489 cada·

68 2525 1040 2572 &-—.-.———-—-——-——-

82 2667 106 2704 Π
130 2610 148 2639 ¹
168 2619 238 2670 'that
250 2624 279 2680 is,
293 2622 354 2670 each
365 2622 401 2670 for
416 2620 523 2678 himself,
536 2620 584 2669 and
595 2619 698 2668 without
715 2617 816 2678 loohing
831 2625 857 2664 to
873 2632 914 2665 see
926 2617 991 2665 what
1007 2615 1046 2665 his

108 2679 272 2736 elghbours
281 2682 330 2733 did.

94 2742 155 2846 ,og
160 2752 294 2854 kCorrmrso
305 2757 378 2816 u'gvm
389 2769 469 2822 seems
478 2762 504 2801 to
513 2751 602 2813 signify
611 2751 664 2798 that
673 2750 714 2798 the
723 2759 773 2797 two
781 2748 874 2808 legions
885 2748 943 2795 here
952 2746 1044 2804 united,

100 2857 128 2899 ,e
191 2813 216 2860 ed
230 2830 254 2861 rn
265 2814 376 2862 different
387 2813 524 2869 drrectrons,
537 2827 565 2860 so
580 2812 633 2859 that
648 2811 691 2858 the
701 2809 766 2857 back
780 2809 808 2856 cf
821 2808 862 2855 tho
873 2822 919 2854 oue
930 2822 981 2854 was
993 2821 1045 2865 pro·

131 2870 210 2917 eted
220 2875 250 2932 by
261 2874 303 2922 the
315 2873 392 2920 other.

138 2931 156 2959 ⁸
171 2940 269 3003 Averni,
285 2947 324 2994 ‘in
336 2946 399 2993 their
409 2945 478 2992 rear!

121 3005 156 3070 .⁴
177 3011 256 3067 Curru
272 3021 371 3067 incitato
387 3019 608 3080 conspiciebantur;
625 3015 679 3062 that
694 3013 724 3071 is,
737 3030 833 3062 cursum
849 3013 1008 3060 incitaverunt
1025 3021 1047 3062 a

119 3074 182 3115 lam
193 3081 400 3140 conspiciebantur.

142 3136 158 3162 ⁶
174 3140 242 3198 'Phar
253 3152 283 3208 is,
296 3167 323 3199 as
334 3150 370 3198 far
380 3166 407 3198 as
418 3150 493 3208 speed
504 3151 525 3198 is
537 3145 681 3202 concerued,
695 3145 755 3205 they
766 3145 807 3193 did
818 3145 850 3192 all
862 3144 922 3203 they
932 3140 1011 3190 could.

116 3205 241 3318 ,egbrat
249 3224 279 3279 is,
287 3223 347 3292 they
356 3224 512 3291 everywhere
523 3219 691 3286 endeavoured
701 3229 725 3266 to
734 3234 827 3278 engage
836 3217 896 3285 with
905 3216 947 3263 the
958 3229 1048 3276 enemy

194 3290 208 3322 θ
223 3281 262 3331 tlre
276 3283 408 3344 legionem,
422 3281 478 3331 who
489 3297 554 3330 wore
565 3278 719 3339 accordrngly
731 3277 774 3325 left
785 3276 883 3324 hehrnd.

65 1585 88 1620 Γ
