2250 3736
99 241 154 300 194
399 259 439 298 ua
461 261 557 299 00000
579 260 713 302 uranico.

97 367 278 421 contrahenda
295 377 389 434 castra,
409 368 477 436 quod
499 385 541 420 res
594 369 645 419 sita
664 371 691 420 in
709 368 850 421 celeritate
868 367 1020 419 videbatur.

97 439 125 490 C.
137 437 251 489 Fabium
261 437 379 504 legatum
388 454 451 489 oum
464 437 561 504 legioni
581 455 613 489 us
621 437 727 489 duabus
736 436 974 505 eastrispraesidio
984 452 1022 486 re·

97 507 201 574 linquit.
239 508 346 559 Fratres
359 506 469 557 Litavici
481 524 563 575 quum
576 506 768 575 comprehendi
786 506 920 576 jussisset,
934 504 1023 574 paullo

97 586 160 628 ante
187 577 282 644 reperit
306 576 340 627 ad
365 574 457 627 hostes
482 575 640 644 profugisse.
677 576 841 627 Adhortatus
859 575 969 641 militerr,
989 591 1023 625 ne

97 646 247 698 necessario
269 647 396 714 ternpore¹
409 646 512 696 itineris
530 646 619 696 labore
638 645 861 713 permoveantur,¹
881 644 1023 712 cupidissi-

98 717 150 767 mis
161 715 304 782 omnibus,³
316 731 470 782 progressus
487 715 561 766 milia
579 731 707 782 passuum
725 732 799 782 xxv,
812 731 913 780 agmen
933 712 1021 764 Aedu-

97 801 173 837 orum
186 787 362 852 conspicatus,
374 783 493 834 immisso
505 784 635 852 equitatu,
644 786 693 836 iter
706 801 799 835 eorum
811 792 930 834 moratur
942 794 1021 850 atque

98 854 219 922 impedit,
243 855 427 920 interdicitque
454 854 586 920 omnibus,
606 870 640 905 ne
663 870 828 921 quemquam
853 852 1024 903 interficiant.
1047 906 1051 915 ,

101 924 299 992 Eporedirigem
319 933 346 973 et
359 921 557 991 virdumarum,
571 939 638 991 quos
656 922 693 974 illi
713 923 866 973 interfectos
885 922 1022 974 existina-

98 994 170 1061 bant,
185 994 252 1044 inter
264 993 369 1059 equites
381 992 480 1042 versari
499 1008 614 1059 suosque
631 992 766 1060 appellare
786 991 870 1059 jubet.
910 991 946 1041 Iis
963 1006 1025 1058 cog·

98 1063 161 1114 nitis
179 1072 206 1114 et
224 1062 334 1114 Litavici
353 1060 446 1111 fraude
465 1070 612 1128 perspecta,
626 1061 715 1113 Aedui
729 1078 825 1112 manus
844 1059 958 1111 tendere
978 1059 1025 1110 de-

98 1133 227 1184 ditionem
240 1130 391 1196 significare
409 1139 436 1180 et
454 1128 578 1197 projectis
595 1131 676 1182 annis
693 1139 807 1182 mortem
826 1129 967 1197 deprecari
987 1129 1025 1180 in·

98 1202 209 1269 cipiunt.
247 1200 381 1251 Litavious
399 1215 460 1250 curo
481 1199 534 1250 suis
553 1199 662 1251 clientih
684 1216 704 1267 s,
723 1199 821 1267 quibus
839 1215 915 1250 more
934 1197 1025 1250 Gallo·

98 1287 158 1322 rum
176 1268 252 1320 nefas
271 1278 319 1336 est,
339 1269 421 1319 etiarn
440 1269 465 1319 in
485 1277 605 1320 extrema
623 1217 734 1320 1001000ί
746 1269 870 1320 deserere
890 1279 1023 1336 patronos,

98 1339 258 1406 Gergoviam
271 1337 393 1405 profugit.

133 1415 175 1460 41.
195 1408 300 1473 Caesar,
314 1407 420 1457 nunciis
431 1406 466 1458 ad
485 1406 621 1458 civitatem
634 1406 789 1458 Aeduorum
801 1407 901 1473 missis,
916 1405 963 1474 qui
976 1422 1023 1457 suo

98 1476 229 1529 beneficio
253 1485 423 1526 conservatos
446 1477 581 1541 docerent,
606 1477 682 1543 0000ἦ
704 1475 762 1544 jure
788 1476 852 1527 belli
870 1475 1023 1527 interficere

98 1548 235 1614 potuisset,
250 1544 386 1611 tribusque
407 1544 479 1597 horis
496 1546 581 1596 noctis
599 1544 727 1597 exercitui
748 1545 782 1597 ad
801 1547 926 1612 quietern
943 1545 1022 1613 datis,

97 1624 185 1666 castra
202 1614 237 1666 ad
256 1614 418 1680 Gergoviam
436 1615 527 1666 movit.
563 1614 658 1666 Medio
671 1613 727 1666 fere
744 1615 838 1666 itinere
858 1615 975 1682 equites,
988 1613 1023 1665 ab

99 1682 181 1735 Fabio
192 1683 275 1750 missi,
290 1691 388 1750 quanto
404 1699 447 1734 res
465 1683 491 1735 in
510 1683 628 1751 periculo
640 1683 726 1749 fuerit,
739 1692 889 1751 exponunt,
909 1685 1023 1735 summis

96 1754 180 1820 copiis
198 1764 285 1803 eastra
308 1760 460 1819 oppugnata
485 1751 682 1819 demonstrant,
697 1769 792 1820 ,quum
810 1752 905 1804 crebro
926 1752 1022 1820 integri

96 1821 212 1873 defessis
231 1821 406 1872 succederent
424 1829 578 1889 nostrosque
597 1821 703 1873 assiduo
723 1821 812 1873 labore
831 1821 1020 1890 defatigarent,

96 1891 194 1958 quibus
213 1900 318 1957 propter
338 1890 548 1956 magnitudinem
568 1900 711 1942 castrorum
731 1899 859 1959 perpetuo
877 1900 951 1942 esset
970 1891 1022 1942 eis·

96 1959 170 2010 dem‘
189 1960 214 2009 in
233 1958 302 2009 vallo
322 1959 551 2025 permanendum,
570 1959 741 2011 multitudine
760 1960 919 2026 sagittarum
938 1969 1022 2027 atque

96 2027 169 2079 omni
187 2044 285 2094 genere
299 2026 411 2078 telorum
431 2028 529 2079 multos
543 2027 707 2080 vulneratos:
727 2028 843 2080 adhaec
861 2029 1022 2080 sustinenda

96 2113 193 2162 magno
211 2096 271 2148 usui
293 2095 375 2148 fuisse
397 2106 542 2148 tormenta:
562 2097 676 2149 Fabium
695 2097 815 2149 discessu
832 2098 1021 2166 eorum,²dua-

97 2164 146 2216 bus
159 2164 257 2216 relictis
271 2165 363 2233 portis,
377 2165 513 2217 obstruere
532 2175 642 2234 ceteras,
658 2166 813 2234 pluteosque
832 2166 903 2217 vallo
921 2166 1022 2218 addere

96 2243 123 2284 et
136 2251 165 2285 se
178 2234 204 2285 in
223 2245 356 2301 posterum
370 2234 444 2285 diem
457 2234 573 2286 similem
586 2235 621 2286 ad
634 2252 728 2288 casum
740 2251 841 2303 parare.
878 2236 928 2287 His
942 2237 1022 2288 rebus

96 2303 215 2369 cognitis,
234 2303 333 2354 Caesar
351 2319 455 2355 summo
479 2304 566 2355 studio
590 2303 706 2356 militum
723 2313 785 2357 ante
803 2313 891 2357 ortum
912 2303 978 2358 solis
996 2307 1022 2358 i..

96 2380 184 2424 eastra
195 2372 325 2439 pervenit.

126 2539 282 2588 ¹Nocessorr'o
293 2549 399 2602 tempore.
431 2542 478 2589 See
489 2543 529 2589 vii.
541 2546 578 2598 32,
592 2552 649 2590 note
660 2547 682 2591 5.

125 2611 340 2670 ’Permoueorrtur‚
355 2614 422 2661 ‘that
435 2615 494 2674 they
505 2615 582 2674 might
594 2625 635 2663 not
646 2617 676 2664 be
688 2617 800 2675 uneasy‚'
813 2631 840 2664 or
852 2616 995 2666 ‘alarmed’

125 2685 314 2746 ’flupidr‘asr'mis
325 2689 441 2742 omnebus,
458 2688 502 2734 ‘all
516 2689 588 2793 being
598 2698 662 2736 most
679 2689 780 2736 anxious
788 2689 805 2746 ;’
823 2690 931 2750 namely‚
945 2700 973 2739 to
983 2707 1018 2742 so·

95 2753 148 2799 out,
163 2745 187 2791 in
199 2759 367 2802 consequence
379 2746 407 2792 of
415 2746 530 2794 Caesur’s
541 2762 571 2794 ex
590 2748 702 2795 ortation.

125 2816 254 2876 ‘Fortuna
266 2817 286 2864 is
297 2818 545 2879 hemerammum,
562 2820 599 2867 ‘in
610 2829 719 2868 extreme
731 2820 892 2869 misfortune.’

125 2890 135 2917 ¹
147 2888 230 2948 Quom
248 2890 299 2937 that
311 2889 340 2946 is,
353 2906 424 2950 quum
435 2908 480 2940 eos.

125 2961 240 3010 'Eisdem
248 2979 259 3018 ‚·
278 2962 370 3019 thetis,
384 2964 443 3023 they
454 2964 501 3033 had
518 2966 580 3012 been
596 2967 693 3026 obliged
705 2976 730 3014 to
741 2967 833 3014 romain
848 2983 880 3015 on
896 2969 938 3017 the
955 2985 1018 3019 ram·

96 3029 158 3080 part,
172 3021 217 3067 and
227 3037 254 3126 qs
265 3020 324 3080 they
336 3038 399 3069 were
410 3023 458 3070 few
467 3039 494 3110 ,m
504 3026 615 3128 npmber,
629 3026 670 3073 the
683 3026 750 3131 wopllr
767 3025 814 3073 had
825 3035 850 3095 to
861 3028 892 3074 be
904 3027 976 3135 (111000ι
985 3029 1017 3077 al·

96 3081 1021 3205 :atltltlgtnlthttttlt’rhrtttttlt‘lttdtlttth{stlat

126 3208 135 3234 r
145 3206 254 3265 Eorum
266 3208 357 3265 thetis,
366 3214 475 3267 hostiam,
484 3212 528 3268 for,
539 3214 652 3271 previous
660 3225 685 3262 to
691 3216 732 3263 the
740 3216 867 3320 departure
874 3217 904 3264 of
910 3219 953 3266 the
962 3235 1020 3267 sne-

97 3265 169 3321 uries,
182 3267 274 3316 Fabius
286 3267 358 3315 could
369 3280 411 3316 not
422 3271 483 3318 have
495 3271 599 3319 devoted
611 3273 712 3321 himself
724 3284 769 3322 tot
788 3290 830 3322 ese
841 3279 1013 3335 paparatiom
