2250 3736
440 117 532 156 murm
551 117 601 156 vu.
639 145 644 153 .
925 100 980 157 195

92 233 137 282 tt.
156 228 227 280 Dum
240 225 310 278 haec
326 225 361 277 ad
375 225 534 294 Gergoviam
547 234 681 294 geruntur,
696 225 792 294 Aedui,
806 226 898 295 primis
916 244 979 279 nun-

59 299 109 353 ciis
120 298 156 348 ab
170 297 285 349 Litavico
303 296 430 364 acceptis,
444 295 549 348 nullum
567 295 616 347 sibi
635 294 668 345 ad
688 296 901 362 cognoscendum
922 314 980 366 spa·

59 369 129 421 tium
150 367 310 434 relinquunt.
347 365 464 433 Impellit
483 365 549 416 alios
568 364 686 432 avaritia,
706 364 774 416 alios
794 365 930 419 iracundia
954 379 980 420 et

58 446 206 504 temeritas,
222 452 291 504 quae
310 435 429 486 maxime
448 434 486 485 illi
505 434 643 486 hominum
660 435 760 500 generi¹
778 450 819 486 est
839 436 935 514 innata,
953 447 980 489 ut

58 505 150 560 levem
170 505 336 556 auditionem
354 503 469 555 habeant
491 521 536 572 pro
559 520 585 555 re
606 512 751 571 comperta.
789 505 861 557 Bona
881 523 982 559 civium

58 577 239 630 Romanorum
257 575 391 642 diripiunt,
412 573 510 624 caedes
532 572 639 641 iaciunt,
659 575 683 622 in
706 573 861 627 servitutem
881 575 980 627 abstra-

57 646 135 698 hunt
173 643 290 712 Adjuvat
310 661 367 695 rem
385 643 567 710 proclinatam⁹
584 642 801 694 Convictolitanis
817 644 981 713 plebemque

56 716 91 766 ad
117 716 229 765 sutorem
249 713 370 781 impellit,
391 721 418 764 ut
437 713 552 763 facinore
570 713 694 778 admisso,
714 712 746 763 ad
767 715 919 765 sanitatem⁰
935 731 981 782 pu-

56 784 123 836 deat
143 783 248 844 reverti.
285 783 325 833 M.
340 782 469 834 Aristium
488 781 623 833 tribunum
641 781 765 849 militum,
783 782 831 833 iter
849 783 882 834 ad
902 783 981 850 legio·

56 870 126 905 nem
137 852 290 920 facientem,
304 851 366 903 data
378 851 431 903 fide
444 868 478 903 ex
490 851 584 920 oppido
598 851 744 902 Cabillono‘
755 852 897 904 educunt2⁰
908 852 982 906 idem

57 923 151 975 facere
166 932 263 988 cogunt
276 939 329 989 eos,
345 922 390 989 qui
402 921 554 983 negotiandi
567 936 648 971 causa
660 921 696 971 ibi
710 922 891 973 constiterant.
928 923 983 975 Hos

57 992 186 1044 continuo
209 992 234 1042 in
259 991 353 1042 itinere
376 990 468 1056 adorti,
493 990 618 1042 omnibus
642 990 842 1057 impedimentis
866 1005 982 1059 exuunt,

58 1070 240 1128 repugnantes
258 1061 331 1113 diem
349 1069 509 1127 noctemque
528 1058 665 1126 obsident,
682 1058 776 1110 multis
794 1061 926 1128 utrimque
945 1065 983 1112 in·

58 1130 187 1198 terseotis,
201 1129 330 1199 majorem
342 1129 544 1180 multitudinem
555 1127 589 1179 ad
602 1145 677 1180 arma
689 1130 831 1180 concitant.

96 1203 139 1250 43,
158 1199 267 1251 Interim
286 1200 381 1250 nuncio
402 1198 488 1266 allato,
508 1215 603 1249 omnes
621 1215 712 1249 eurum
731 1198 833 1250 milites
852 1199 876 1250 in
896 1208 982 1268 potes·

59 1277 117 1321 tate
135 1269 256 1320 Caesaris
275 1268 367 1336 teneri,
387 1276 544 1319 concurrunt
569 1267 602 1318 ad
622 1268 767 1336 Aristium,
791 1268 857 1320 nihil
875 1270 982 1336 publico

58 1339 163 1390 sactum
183 1338 291 1388 consilio
310 1337 506 1404 demonstrant,
524 1339 707 1405 quaestionem
728 1337 762 1388 de
780 1336 857 1389 bonis
874 1339 983 1408 direptis

58 1408 209 1460 decernunt
219 1408 237 1475 3⁰
256 1407 368 1459 Litavioi
387 1406 550 1474 fratrumque
572 1406 640 1458 bona
656 1406 808 1474 publicant5
829 1406 931 1473 legatos
948 1409 982 1460 ad

58 1478 204 1529 Caesarem
230 1477 270 1528 sui
290 1477 419 1544 purgandi
437 1477 521 1543 gratia
541 1476 658 1527 mittunt.
697 1476 768 1527 llaec
789 1476 890 1528 faciunt
909 1494 983 1529 recu·

58 1545 239 1615 parandorum
252 1562 359 1597 suorum
372 1561 467 1597 causa:
487 1544 534 1596 sed
554 1545 724 1596 contaminati
738 1544 853 1596 facinore
870 1554 896 1597 et
913 1547 983 1614 oapti

58 1615 230 1682 compendio⁷
247 1632 282 1666 ex
299 1614 409 1682 direptis
428 1614 510 1682 bonis,
527 1614 597 1682 quod
617 1630 650 1664 ea
669 1615 720 1665 res⁸
737 1614 771 1665 ad
790 1615 887 1666 multos
905 1617 984 1684 perti·

58 1683 150 1751 nebat,
165 1693 191 1734 et
205 1684 300 1735 timore
318 1699 420 1751 poenae
433 1684 558 1751 exterriti,
572 1683 683 1734 consilia
695 1683 769 1735 olam
779 1683 813 1734 de
832 1684 903 1736 bello
916 1686 982 1737 inire
1009 1698 1014 1708 ·

58 1752 190 1820 incipiunt
203 1753 381 1820 civitatesque
398 1752 514 1820 reliquas
531 1753 707 1820 legationibus
720 1753 870 1805 sollicitant.
907 1755 983 1813 Quae

58 1822 169 1873 tametsi
191 1823 289 1874 Caesar
307 1821 480 1890 intelligebat,
503 1832 600 1888 tamen,
621 1839 702 1890 quarn
724 1823 868 1875 mitissime
888 1833 982 1892 potest,

58 1890 164 1957 legatos
184 1890 318 1959 appellat:
343 1890 409 1942 nihil
429 1908 458 1942 se
479 1902 585 1960 propter
603 1891 770 1944 inscientiam
792 1893 984 1961 levitatemque

56 1959 133 2028 vulgi
150 1961 258 2027 gravius
275 1960 310 2011 de
329 1960 438 2012 civitate
456 1959 582 2030 judicare,
602 1977 690 2028 neque
709 1961 743 2013 de
763 1979 811 2013 sua
830 1961 857 2014 in
874 1963 985 2014 Aeduos

88 2132 148 2181 ¹Illt‘
164 2136 281 2181 bornicum
296 2137 392 2196 geneth
411 2135 462 2182 that
480 2135 509 2192 is,
522 2137 561 2184 itti
574 2138 655 2199 genta&
674 2137 780 2197 hemely,
795 2146 821 2184 to
838 2138 879 2184 the
898 2135 984 2184 Gauls.

56 2193 211 2252 Respecting
222 2193 284 2240 their
295 2195 410 2253 curiosity
422 2194 468 2242 and
479 2196 607 2255 credulity‚
621 2210 662 2242 see
674 2195 705 2243 iv.
718 2199 739 2242 5.

87 2265 155 2313 'Res
170 2269 303 2327 proclinata
315 2268 335 2314 is
353 2284 384 2314 an
395 2268 463 2315 affair
474 2268 554 2315 which
566 2269 586 2315 is
597 2268 695 2329 already
706 2268 821 2329 inclining
832 2268 937 2316 towards
953 2283 984 2316 su

55 2324 231 2372 unfavourable
243 2326 316 2373 issue.

87 2398 96 2425 ³
106 2397 206 2444 Sortitus
210 2414 220 2453 ,·
239 2398 291 2444 that
302 2398 331 2454 is,
345 2416 406 2446 sana
416 2415 489 2446 mens.
522 2399 569 2446 Sec
580 2399 595 2446 i.
607 2401 644 2446 42.

87 2472 97 2498 ⁴
109 2469 264 2525 Cabillonum,
278 2487 308 2517 sn
319 2471 449 2529 important
461 2482 528 2518 town
538 2488 570 2519 on
581 2472 623 2519 the
636 2471 700 2519 river
712 2472 777 2519 Arar
788 2471 895 2528 (Saone),
909 2472 930 2520 is
942 2471 985 2520 tho

55 2528 160 2576 modern
173 2527 280 2575 Chalons
292 2545 333 2576 sur
345 2530 432 2577 Saone.

88 2600 235 2657 ‘Educann
253 2602 304 2648 that
318 2603 346 2658 is,
363 2603 436 2663 ‘they
448 2603 559 2652 induoed’
573 2620 599 2652 or
613 2603 725 2664 ‘obliged
735 2603 786 2651 him
798 2612 823 2651 to
833 2619 865 2663 go
875 2604 935 2651 out’

88 2672 277 2732 ⁰Qraaestiaaem
293 2678 430 2732 decernant,
453 2676 526 2737 ‘they
543 2676 676 2724 determine
698 2675 750 2723 that
767 2692 798 2723 an
814 2675 986 2736 investigatiott

56 2731 148 2780 should
159 2734 189 2779 be
201 2733 344 2781 instituted.’

88 2803 182 2875 'Capti'
196 2809 341 2910 conpendi&
360 2807 411 2854 that
429 2807 459 2863 is,
481 2807 631 2875 ‘captivated
648 2823 675 2854 or
692 2807 730 2855 led
747 2806 832 2866 hythe
849 2807 931 2875 gain;’
948 2806 986 2854 sor

55 2867 218 2924 campeanam
230 2873 299 2918 (rom
308 2882 361 2933 aum
371 2866 540 2934 und-pandere)
553 2883 573 2913 rs
584 2867 696 2926 properly
707 2866 748 2912 the
765 2865 835 2971 profit
847 2866 926 2934 which
943 2866 985 2934 tha

57 2922 453 3030 tttltttrtltttss{teht
471 2923 985 3032 tmttlt‘rtttthdtttffltlttltt

58 2997 160 3100 {isium
173 3039 220 3087 and
232 2998 365 3100 thengagin,
379 3041 457 3100 profit,
471 3058 497 3089 or
505 3000 641 3102 1ddvantuge
654 3043 677 3089 in
688 3000 793 3103 gerleral.
823 3000 849 3091 g.

88 3112 147 3160 'Ea
164 3129 215 3169 rea·
235 3113 340 3173 namely,
353 3114 394 3162 the
410 3117 521 3164 mnarum
536 3116 645 3177 direptio,
663 3115 688 3163 in
704 3115 784 3163 which
801 3129 874 3175 many
885 3129 986 3174 persons

59 3172 108 3222 had
120 3171 195 3219 taken
207 3179 268 3230 part.
