2250 3736
134 243 195 302 208
480 264 524 302 ua
543 264 640 302 sumo
660 265 795 304 amuco.

136 375 237 427 crebris
248 375 284 427 ad
295 371 454 427 Rhodanum
466 371 604 440 dispositis
614 373 762 441 praesidiis,
771 389 872 440 magna
881 391 947 426 curn
955 392 1022 428 cura
1034 381 1063 428 et

137 442 275 510 diligentia
292 461 356 495 suos
370 452 486 493 tuentur.
521 443 628 509 Caesar,
640 443 712 510 quod
730 443 963 510 hostes'equitatr.
981 462 1059 512 supe

137 513 218 563 riores
229 531 290 564 esse
304 511 478 577 intelligebat,
488 520 515 562 et
528 511 680 562 interclusis
691 511 816 563 omnibus
825 512 977 580 itineribus,
987 513 1063 565 nulla

137 598 165 632 re
177 599 210 632 er
224 583 359 650 provincia
377 592 459 647 atque
477 580 553 631 ltalia
571 581 705 657 spblerari
723 590 833 648 poterat,
847 593 922 632 trans
932 582 1062 634 Rhenum

137 650 162 701 in
174 652 348 702 Germaniam
361 651 441 701 mittit
453 649 488 700 ad
501 665 549 700 eas
559 650 691 716 civitates,
704 667 772 718 quas
784 650 970 718 superioribus
981 653 1063 703 anuis

137 732 286 787 pacaverat,
299 720 459 788 equitesque
476 718 512 768 ab
530 718 572 769 his
588 719 743 780 arcessitet
760 719 828 769 levis
843 731 1001 772 armaturae
1014 737 1062 788 pe·

137 788 214 854 dites,
226 792 272 857 qui
287 791 356 841 inter
367 805 414 838 eos
429 787 552 854 proeliari
569 798 772 839 consueverant.
808 788 912 840 Eorum
928 789 1074 858 adventus

136 857 206 924 quod
226 860 316 910 minus
334 857 436 909 idoneis
453 857 531 923 equis
547 855 697 924 utebantur,
710 875 728 908 a
740 856 852 908 tribunis
864 859 987 910 militum
999 859 1062 910 reli·

136 928 258 994 quisque,
280 927 328 978 sed
352 929 388 977 et¹
412 925 547 992 equitibus
569 926 698 978 Romanis
718 936 801 994 atque
824 928 955 996 evocatis,
974 944 1062 996 equos

136 997 219 1046 sumit
231 997 427 1062 Germanisque
439 993 585 1046 distribuit.
787 1017 791 1023 ·

171 1069 213 1116 66.
233 1067 346 1132 Interea,
367 1065 433 1115 dum
453 1063 522 1114 haec
544 1071 680 1131 gemntur,
702 1063 821 1115 hostium
841 1064 937 1132 copiae
955 1081 992 1117 ex
1009 1067 1061 1117 Ar·

137 1134 225 1184 vernis
237 1136 403 1202 equitesque,
417 1132 463 1200 qui
476 1133 523 1183 toti
535 1132 640 1184 Galliae
652 1141 728 1184 eraut
741 1133 874 1199 imperati,
884 1135 1060 1186 conveniunt.

135 1201 237 1269 Magno
256 1203 349 1254 homrn
367 1212 460 1253 coacto
478 1218 597 1267 numero,
610 1218 696 1269 quum
707 1202 807 1254 Caesar
818 1202 845 1253 in
858 1202 1000 1270 Sequanos
1012 1219 1062 1270 per

135 1282 270 1323 extremos
283 1273 430 1338 Lingonum
443 1272 512 1322 fines
524 1272 574 1322 iter
585 1270 695 1338 laceret,
708 1287 762 1338 quo
778 1268 887 1322 facilius
903 1272 1060 1324 subsidium

136 1342 288 1407 provinciae
301 1341 362 1392 ferri
376 1350 473 1408 posset,
486 1340 592 1391 circiter
608 1339 683 1391 milia
700 1356 829 1408 pamuum
840 1357 868 1393 x.
879 1340 1061 1393 abRomanis

136 1410 211 1460 trinis
228 1412 323 1461 castris
336 1410 538 1475 Vercingetorix
556 1408 693 1460 consedit:
712 1410 921 1478 convocatisque
940 1410 976 1461 ad
996 1426 1061 1461 con-

135 1478 229 1530 cilium
248 1479 390 1546 praesectis
409 1479 539 1545 equiturn,
553 1479 661 1529 venisse
681 1487 790 1545 ternpus
802 1479 929 1530 victoriae
947 1479 1061 1530 demon-

135 1557 216 1599 strat:
236 1549 330 1614 lugere
342 1549 368 1599 in
381 1548 547 1615 provinciam
558 1548 693 1599 Romanos
703 1547 845 1614 Galliaque
857 1547 1010 1599 excedere:
1030 1548 1059 1599 id

134 1616 185 1668 sibi
197 1618 232 1668 ad
246 1628 416 1685 praesentem
427 1615 602 1668 obtinendam
620 1615 774 1667 libertatem
793 1617 858 1667 satis
874 1633 935 1680 esse
943 1633 952 1684 3
969 1617 1004 1668 ad
1020 1633 1060 1668 re·

134 1684 211 1752 liqui¹
223 1688 350 1754 temporis
362 1703 460 1754 pacem
476 1696 558 1752 atque
570 1686 653 1736 otium
666 1702 760 1752 parum
773 1685 864 1752 profici
873 1686 892 1737 :¹
910 1685 1061 1753 majoribus

134 1756 208 1806 enim
227 1758 328 1807 coactis
346 1755 432 1822 copiis
452 1771 610 1821 reversuros,
631 1771 720 1822 neque
740 1754 824 1805 finem
844 1754 909 1806 belli
930 1755 1059 1806 facturos.

135 1823 249 1874 Proinde
270 1824 296 1875 in
317 1825 425 1890 agmine
447 1823 590 1890 impeditos
612 1823 786 1874 adoriantur.⁴
819 1822 846 1874 Si
866 1822 975 1891 pedites
1000 1825 1059 1876 suis

133 1893 263 1944 auxilium
276 1894 361 1945 ferant
373 1902 455 1960 atque
469 1894 493 1943 in
508 1910 540 1943 eo
552 1902 697 1958 morentur,
710 1892 761 1943 iter
775 1892 872 1944 confici
890 1909 944 1944 non
961 1909 1042 1961 posse
1050 1908 1059 1960 5

134 1963 164 2027 si,
184 1961 210 2012 id
231 1962 301 2029 quod
325 1963 412 2029 magis
436 1961 557 2013 futurum
581 1961 706 2027 confidat,
726 1960 826 2012 relictis
843 1961 1058 2030 impedimentis,

132 2047 198 2081 suae
216 2031 294 2082 saluti
307 2031 454 2097 consulant,
464 2041 492 2082 et
503 2048 554 2082 usu
564 2047 651 2081 rerum
660 2030 874 2081 necessariarum
886 2039 914 2081 et
925 2030 1059 2097 dignitate

132 2098 275 2167 spoliatum
288 2100 329 2151 iri.
365 2101 435 2152 Nam
449 2099 484 2151 de
496 2099 633 2167 equitibus
645 2099 782 2166 hostium,⁵
793 2099 857 2166 quin
870 2116 952 2150 nemo
964 2115 1060 2152 eorum

132 2168 253 2236 progredi
271 2169 351 2221 modo
370 2179 446 2221 extra
463 2186 561 2235 agmen
580 2167 689 2234 audeat,
701 2186 737 2219 ne
748 2168 820 2235 ipsos
832 2168 944 2235 quidem
956 2167 1059 2220 debere

132 2237 264 2289 dubitare.
301 2239 330 2290 Id
344 2255 397 2306 quo
409 2237 510 2306 majore
522 2236 624 2289 faciant
642 2238 741 2305 auimo,
754 2239 847 2304 copias
859 2243 889 2287 se
901 2253 998 2288 omnes
1010 2253 1058 2305 pro

161 2413 169 2438 ¹
180 2408 258 2455 Sedet
269 2424 296 2456 or
305 2412 347 2456 aed
357 2412 426 2456 etiam
441 2408 566 2468 generally
576 2408 657 2454 follow
669 2407 730 2455 after
740 2407 782 2454 the
797 2423 828 2454 ue
860 2407 910 2454 tire
920 2425 970 2455 non
980 2411 1059 2457 solon

132 2482 216 2535 oreon
225 2477 332 2536 tantum
351 2469 375 2514 in
386 2469 434 2514 this
445 2483 557 2534 passage,
570 2467 611 2552 thp
623 2468 745 2527 negative,
755 2465 798 2513 tho
859 2477 901 2533 not
912 2468 1056 2525 expressed,

131 2526 487 2640 tillllffllltlttltlllt
498 2527 595 2632 ltlta
605 2525 1058 2651 elliilddns‘ssh‘onssffilllffissl

131 2660 171 2691 are
189 2655 231 2692 not
250 2660 362 2691 common
381 2645 518 2698 horsemen,
531 2646 574 2690 bnt
591 2659 692 2702 persons
703 2643 732 2690 os
743 2653 883 2701 equestrran
897 2642 967 2689 rank.
999 2643 1058 2691 Tho

132 2706 220 2751 saecuti
233 2719 273 2750 are
290 2719 345 2750 men
357 2703 412 2749 who
423 2703 469 2750 had
481 2702 579 2761 already
590 2702 677 2749 served
688 2701 751 2748 their
762 2702 830 2756 time,
843 2703 895 2756 but,
907 2711 934 2747 to
944 2701 1028 2762 obligo
1043 2718 1057 2752 a

131 2763 237 2823 general,
251 2763 297 2810 and
309 2762 391 2809 derive
401 2761 495 2808 further
506 2761 604 2817 beneffl,
618 2761 688 2821 again
699 2759 809 2820 engaged
819 2775 847 2807 as
857 2759 969 2808 soldiers.

159 2835 287 2895 ’Reliqui;
305 2834 358 2882 that
369 2835 399 2889 is,
406 2835 500 2895 sutori

158 2908 269 2956 ’Porum
283 2909 374 2969 profici,
390 2907 468 2954 ‘little
479 2922 531 2953 was
541 2905 646 2966 gained!

159 2981 329 3026 ‘Adoriontur
339 2979 446 3037 depends
463 2994 528 3036 upon
543 2993 611 3024 some
622 2979 681 3024 verb
698 2976 814 3037 denoting
827 2981 866 3022 ‘to
877 2976 1016 3025 admonish'
1029 2992 1057 3028 ot

133 3037 249 3093 'advise‚’
263 3039 343 3085 which
354 3039 375 3085 is
386 3037 485 3096 implied
496 3037 520 3084 iu
531 3037 572 3084 the
583 3036 714 3096 preceding
723 3038 875 3082 denumerat.

158 3112 214 3160 ‘De
229 3115 345 3180 spudium
360 3114 461 3160 hostium
478 3122 543 3182 must
555 3112 585 3157 be
596 3109 728 3177 connected
740 3109 799 3156 with
803 3109 852 3214 dhe
855 3110 922 3214 hverb
933 3110 1055 3168 delitare,

132 3169 237 3335 {lilla
247 3168 715 3290 'dlllmff'sgfflellll‘l'l‘tsslffffiim
735 3168 851 3275 dilala
868 3168 1057 3278 lilttllllt

159 3302 173 3335 e
184 3303 292 3348 pronoun
303 3304 388 3337 eorum
