2250 3736
502 260 594 300 arnus
614 261 647 300 11.
994 237 1030 296 ot

150 369 261 422 maturarit
275 378 354 439 atque
374 369 411 423 ibi
430 376 517 421 eastra
528 369 624 437 posuit.
660 368 736 427 Quae
756 384 798 420 res
817 374 843 420 et
861 366 932 418 latus
951 382 1033 418 uuum

150 445 263 492 uestrorum
280 440 342 508 ripis
361 438 481 491 fluminis
499 438 636 490 muniebat
654 444 755 506 etpost
773 453 837 489 eum
855 451 926 507 quae
945 442 1036 486 esseut

150 509 194 555 tuta
202 507 229 559 ah
238 508 351 562 hostibus
363 507 492 560 reddebat
504 519 529 559 et
543 515 709 559 commeatus
722 506 757 558 ab
768 506 859 558 Remis
872 505 1035 572 reliquisque

150 572 268 629 civitatibus
278 586 306 630 ut
318 579 376 629 sine
388 578 506 645 periente
522 576 555 627 ad
569 577 641 628 eum¹
653 576 748 644 portari
762 585 877 644 possent,
891 573 1035 626 efficiebat.

150 639 324 700 lneollumine
345 663 412 714 pons
429 656 495 698 erat.
531 645 571 698 lbi
589 645 751 713 praesidium
805 645 842 695 nit
862 654 888 695 et
907 644 933 695 in
952 642 1036 694 altera

149 720 206 776 parte
219 715 325 768 fluminis
337 715 466 773 Quintum
479 715 612 766 Titurium
630 713 756 766 Sabinum
780 723 888 780 egatum
907 729 969 765 oum
988 728 1037 765 sex

149 779 267 837 cohortibus
285 785 427 853 relinquit:
447 792 534 836 eastra
552 784 579 835 in
597 783 766 835 altitudinem
786 784 886 851 pedum
903 799 953 836 xri.
967 781 1036 834 vallo

149 845 243 920 fossaque
254 854 435 921 duodeviginti
447 853 547 922 pedum
559 853 674 904 munire²
684 852 769 921 jubet.

176 923 193 969 6.
208 924 242 975 Ab
253 926 292 976 his
305 925 399 975 eastris
411 924 537 992 oppidum
551 923 694 974 Remorum
708 921 815 973 nomine
828 920 934 972 Bibrax¹
945 919 1037 973 aberat

149 985 204 1040 milia
212 1007 329 1059 passuum
348 1001 416 1044 octo.
453 992 483 1044 Id
496 1008 531 1043 ex
543 991 646 1043 itinere⁴
658 1008 754 1058 magno
767 991 869 1058 impetu
882 989 979 1056 Belgae
992 1005 1036 1056 op-

148 1067 236 1122 pugnare
248 1071 398 1130 ooeperunt.
428 1064 516 1128 Aegre
529 1076 561 1112 eo
573 1060 617 1111 die
630 1069 807 1112 sustentatum
821 1067 871 1110 est.
900 1059 1038 1111 Gallorum

149 1124 220 1181 eadem
229 1139 304 1200 atque
316 1131 458 1198 Belgarum
469 1130 629 1198 oppugnatio
642 1137 682 1181 est
692 1131 769 1181 haec.
799 1128 851 1181 Ubi
864 1127 1038 1196 circumjecta

148 1193 285 1252 multitudine
298 1201 439 1252 hominurn
451 1201 512 1251 totis
524 1199 666 1251 moenibus
683 1198 801 1267 undique
815 1199 840 1248 in
853 1214 961 1249 murum
973 1197 1037 1264 lapi·

148 1257 184 1313 des
195 1265 236 1334 jaci
248 1271 333 1339 coepti
347 1279 414 1338 sunt,
427 1285 572 1337 murusque
589 1268 775 1341 defensoribus
792 1267 907 1318 nudatus
924 1274 972 1332 est,
987 1275 1038 1317 tes-

148 1331 215 1387 tudine
234 1338 302 1392 saota
356 1347 410 1391 rtas
433 1339 579 1390 succedunt
599 1354 758 1405 murumque
783 1335 918 1388 subruunt.
962 1334 1038 1392 Quod

148 1404 190 1479 lunt
199 1405 274 1460 laeile⁶
285 1355 376 1462 uehit.
412 1409 485 1460 Nam
503 1424 566 1459 oum
579 1416 652 1459 tanta
663 1405 804 1459 multitudo
819 1405 922 1473 lapides
939 1422 972 1456 ao
985 1405 1039 1457 tela

147 1473 287 1548 columem,
309 1479 335 1530 in
354 1493 429 1529 muro
453 1477 615 1528 consistendi
636 1485 754 1544 potestas
777 1485 833 1526 erat
853 1475 926 1527 r'rulli.
970 1476 1037 1526 Cum

146 1534 208 1596 finem
221 1547 386 1616 oppugnandi
403 1562 456 1598 uox
473 1545 589 1614 fecisset,
604 1546 689 1598 leuius
702 1547 809 1613 Remus,
824 1561 930 1596 summa
946 1545 1038 1596 nobili-

147 1609 186 1681 tate
200 1625 221 1667 et
236 1619 317 1684 gratia
330 1618 397 1668 inter
414 1632 482 1685 suos,
497 1616 540 1684 qui
559 1624 616 1666 tum
634 1615 730 1683 oppido
748 1613 905 1683 praefuerat,
919 1630 987 1664 unus
1005 1630 1039 1664 ex

145 1668 182 1745 hrs,
195 1686 230 1751 qui
247 1687 327 1754 legati
346 1685 380 1736 de
399 1702 465 1753 pace
484 1684 518 1736 ad
538 1685 682 1736 Caesarem
700 1683 847 1750 venerant,⁰
864 1683 986 1734 nuntium
1004 1681 1038 1735 ad

145 1755 192 1818 {lm
201 1756 289 1808 mittit:
309 1756 358 1808 nisi
372 1755 520 1807 subsidium
532 1754 583 1806 sibi
595 1754 772 1822 submittatur,
786 1769 846 1804 sese
865 1752 965 1804 diutius
984 1769 1039 1804 sus·

143 1816 208 1871 tinere
218 1841 264 1876 non
279 1841 365 1894 posse.

169 1887 187 1937 7·
199 1891 239 1944 B0⁷
248 1894 280 1946 de
293 1893 385 1946 media
394 1902 471 1944 noete
481 1893 579 1944 Caesar
588 1891 685 1944 iisdem
693 1891 806 1944 ducibus
817 1908 889 1959 usus,
900 1891 945 1959 qui
954 1891 1039 1943 nuntii

139 1945 167 1999 ab
177 1954 233 2013 lucio
246 1973 381 2030 venerant,
395 1962 527 2014 Numidas
540 1970 566 2012 et
579 1961 671 2013 Cretas
688 1961 836 2029 sagittarios
855 1971 881 2013 et
894 1961 1040 2013 funditores

139 2009 251 2084 Baleores⁸
263 2032 383 2084 subsidio
395 2030 535 2099 oppidanis
547 2031 642 2097 mitrit3
656 2048 768 2099 quorum
779 2031 896 2082 adventu
908 2040 935 2082 et
947 2031 1040 2082 Remis

136 2096 190 2146 ⁰1¹111
200 2116 240 2168 spe
253 2101 417 2153 defensionis
429 2100 547 2152 studium
560 2101 739 2168 propugnandi
748 2101 869 2166 accessit,
880 2108 906 2151 et
920 2100 1040 2152 hostibus

134 2158 216 2221 eadem
225 2171 257 2223 de
271 2187 354 2223 causa
366 2187 428 2239 spes
440 2169 559 2238 potiundi
568 2170 657 2237 oppidi
668 2169 800 2221 discessit.
837 2170 929 2237 Itaque
942 2169 1040 2237 paulis·

128 2229 173 2282 Pel
184 2240 245 2306 apud
258 2240 388 2309 oppidum
405 2239 500 2291 morati
511 2255 642 2307 agrosque
654 2240 799 2291 Remorum
817 2238 969 2307 depopulati
984 2255 1040 2290 om·

130 2323 1039 2360 x———ss

148 2391 157 2419 ¹
171 2397 225 2458 Eum
232 2428 242 2467 ;
260 2411 314 2458 that
326 2410 356 2466 is,
372 2409 503 2458 Caesarem.

111 2474 156 2581 m:
166 2481 280 2557 Numely,
298 2498 395 2551 milites,
413 2496 459 2545 und
480 2505 520 2544 not
540 2495 651 2544 Titurius
671 2495 785 2553 Sabinus,
804 2495 861 2543 who
877 2511 929 2543 was
948 2511 980 2543 on
996 2494 1039 2542 the

159 2555 186 2592 ΒΓ
194 2557 247 2604 side
259 2556 287 2603 of
295 2556 336 2603 the
348 2557 418 2603 river.

103 2618 253 2726 ,w'eBrbrue
264 2643 285 2690 is
298 2641 459 2710 believedby
470 2657 537 2710 some
549 2650 575 2689 to
586 2643 615 2689 be
628 2641 669 2690 the
685 2641 748 2690 little
764 2650 830 2690 town
846 2641 874 2689 of
886 2640 983 2698 Bievre,
997 2642 1038 2688 be·

162 2703 194 2744 en
207 2702 277 2750 Laon
289 2701 336 2749 aud
347 2701 389 2748 the
400 2715 464 2748 river
474 2703 560 2748 Arsne.

92 2763 201 2877 ,uffa
218 2790 325 2858 itinerep
343 2787 395 2855 that
413 2786 442 2842 is,
456 2786 529 2855 while
546 2802 578 2833 on
593 2785 657 2834 their
672 2787 764 2841 march,
781 2785 828 2833 arrd
844 2785 948 2853 without
965 2785 1038 2833 inter·

163 2848 242 2909 ¹¹1grr
254 2849 288 2908 by
299 2847 409 2906 p1tchrng
420 2846 483 2892 their
494 2861 564 2904 camp
576 2861 634 2893 near
644 2846 686 2893 the
698 2846 775 2904 place.
808 2844 855 2891 See
866 2859 882 2891 1.
894 2847 932 2892 25.

116 2908 134 3020 ζ
148 2916 228 2987 That
241 2938 271 2994 is,
287 2936 408 2984 ‘without
420 2935 526 2997 danger!

143 3003 209 3072 See
222 3025 292 3083 chap.
304 3027 326 3071 3.

74 3122 100 3171 ᾗ,
116 3077 201 3192 :¹30
211 3112 270 3159 here
287 3126 344 3169 may
355 3112 386 3157 be
401 3109 526 3166 ‘thither‚’
539 3109 646 3168 namely,
657 3121 684 3178 to
696 3109 737 3156 the
753 3117 820 3155 town
832 3107 860 3156 of
872 3107 971 3166 Bibrax,
983 3123 1010 3156 or
1021 3110 1037 3156 't

146 3167 211 3219 Sed
223 3172 248 3218 in
258 3170 301 3217 the
313 3184 385 3216 sense
397 3167 424 3216 of
432 3171 483 3216 ideo
490 3186 501 3225 ,·
519 3169 560 3216 the
573 3168 644 3215 latter
656 3184 676 3215 rs
686 3167 828 3227 preferable.

72 3222 222 3340 risu'l‘he
240 3255 399 3311 Numidiam,
413 3271 439 3303 as
452 3256 508 3303 well
520 3271 546 3303 as
559 3255 599 3322 the
613 3254 705 3302 Cretan
721 3254 817 3322 nrchers
831 3253 877 3302 arrd
894 3254 935 3322 the
952 3252 1027 3301 Balea

167 3316 295 3423 Slrfirrgers,
309 3330 349 3363 ere
361 3314 419 3362 here
430 3324 456 3363 to
467 3316 498 3362 be
510 3313 652 3362 considered
664 3329 690 3361 es
702 3329 716 3361 a
728 3311 1001 3375 light-armodrnsantrp
