2250 3736
66 101 124 160 118
367 119 408 158 oa
430 118 528 159 aaaao
549 118 686 158 caturco.

63 236 135 281 retur
160 237 187 280 et
217 246 273 281 reru
297 227 499 281 trumentariam
524 226 672 296 provideret
701 243 827 296 quaeque
850 227 878 280 in
900 221 1038 302 (taliq

61 306 222 366 gererentur,
237 305 409 365 cognosceret
427 297 624 364 consiliumque
642 313 690 366 pro
708 306 829 366 tempore
847 305 874 349 et
886 298 1031 366 prodr

62 374 178 434 caperet,
193 367 250 434 ipse
269 384 332 418 cum
351 369 469 435 quinque
489 366 640 434 legionibus
657 376 684 418 et
709 367 765 434 pari
784 383 894 419 numero
911 367 965 435 equi
1035 371 1045 435 ζ

61 442 128 502 tum,
137 452 219 503 quem
234 439 258 487 iu
273 437 418 488 continenti
432 436 606 504 relinquebat,
616 435 680 487 solis
691 452 789 488 occasu
799 453 882 488 naves
894 437 962 488 solrit
1041 449 1047 462 ·

62 514 88 556 et
110 504 162 556 leui
184 505 284 557 Afric0⁹
304 514 453 575 provectus,
475 505 565 557 media
585 506 690 557 circiter
711 516 789 558 nocte
809 515 887 557 rento
906 507 971 558 inter·
1044 506 1052 519 “

62 574 152 641 misso,
166 591 273 627 cursum
294 592 345 627 nou
365 576 457 643 tenuit,
471 584 498 626 et
512 575 615 642 longius
632 575 738 627 delatus
749 583 835 640 aestu,
849 585 904 627 orta
915 576 1008 644 luce2
1021 567 1056 614 ⁴²

62 644 113 696 sub
138 643 243 695 sinistra
269 645 441 696 Britanniam³
464 645 585 696 relictam
611 645 758 713 conspexit.
796 645 866 697 Tum
897 630 1062 715 mind

62 721 153 765 aestus
171 715 418 766 commutationem⁴
430 722 546 782 secutus,
561 715 641 766 remia
653 713 790 766 contendit
809 724 838 766 ut
856 731 916 766 earn
928 721 1043 782 pars
1056 709 1065 721 '

63 790 120 834 tem
139 783 242 835 insulae
262 793 377 851 caperet,
391 801 445 851 qua
463 784 594 852 optimum
614 800 675 835 esse
694 800 833 850 egressum
853 767 1074 852 superiora

61 860 164 903 aestate
177 861 344 919 cognoverat.
381 852 441 910 Qua
460 854 486 904 in
501 869 527 903 re
545 853 693 905 admodum
706 852 754 904 tuit
768 853 883 905 militum
896 837 1067 905 vinus‘„

62 920 204 987 laudanda,
218 923 262 989 qui
284 922 406 973 vectoriis
423 922 603 990 gravibusque
624 922 745 990 navigiis,
765 938 816 974 nou
835 903 1078 981 intermisso&

62 990 209 1058 remigandi
234 991 330 1059 labore,
356 991 493 1058 longarum
524 993 632 1043 navium
662 1008 770 1042 cursum
795 991 982 1060 adaequarunt.
1010 1010 1048 1031 Ι
1063 993 1082 1009 ”’

62 1061 211 1112 Accessum
236 1072 276 1112 est
300 1060 334 1111 ad
359 1061 523 1113 Britanniam
553 1061 678 1113 omnibus
701 1060 817 1113 naribus
841 1063 983 1114 meridiano
1016 1041 1090 1144 ὀὶ

61 1129 118 1181 fere
139 1139 273 1198 tempore:
305 1147 392 1199 neque
417 1130 444 1182 iu
467 1147 498 1181 en
523 1129 580 1181 loco
604 1130 688 1182 hostis
711 1140 752 1181 est
777 1131 858 1197 risus,
883 1132 938 1200 aed,
956 1140 984 1184 ut
1028 1112 1075 1164 5

61 1208 155 1267 postea
175 1200 273 1251 Caesar
296 1216 329 1250 ex
353 1200 467 1266 captivis
487 1201 623 1267 comperit,
645 1215 730 1267 quum
755 1217 871 1267 magnae
892 1219 985 1254 manus
1032 1179 1094 1231 ο

62 1284 94 1319 eo
112 1270 308 1333 convenissent,
323 1268 494 1320 multitudine
515 1271 625 1320 navium
647 1270 803 1336 perterritae
822 1269 905 1338 (quae
924 1287 985 1323 curu
1043 1249 1098 1302 ρ

61 1337 204 1389 annotinis⁶
228 1339 398 1407 privatisque,
423 1355 490 1406 quas
514 1339 555 1390 sui
578 1339 692 1407 quisque
716 1339 853 1391 commodi
877 1339 985 1407 fecerat,
1057 1339 1100 1375 ‘²

61 1407 177 1474 amplius
195 1423 273 1458 accc.
288 1425 339 1458 uno
358 1417 432 1458 erant
453 1408 524 1460 visae
544 1408 677 1477 tempore)
689 1425 705 1459 a
718 1407 795 1460 litore
807 1407 986 1462 discesserant
1059 1379 1105 1433 3

61 1493 94 1527 ao
106 1493 135 1528 ae
149 1477 175 1528 in
188 1477 322 1544 superiora
333 1477 389 1528 loca
401 1476 567 1529 abdiderant.

97 1549 121 1596 9.
141 1546 244 1614 Caesar,
259 1548 377 1615 exposito
399 1547 516 1598 exercitu
538 1557 564 1598 et
584 1545 642 1598 loco
663 1547 758 1599 castris
782 1546 880 1599 idoneo
900 1557 986 1616 capto,
1073 1547 1110 1582 ‘³

61 1614 107 1667 ubi
132 1632 165 1666 ex
189 1615 302 1683 captivis
326 1617 457 1684 cognovit,
476 1632 528 1684 quo
547 1616 573 1667 in
598 1615 655 1667 loco
675 1615 794 1669 hostiurn
813 1617 909 1685 copiae
927 1635 987 1669 oon-
1071 1605 1117 1630 κ

61 1683 201 1753 sedissent,
224 1685 376 1738 cohortibus
396 1703 422 1738 x.
441 1685 475 1736 ad
498 1702 571 1737 mare
592 1685 692 1737 relictis
713 1694 740 1737 et
761 1685 899 1754 equitibus
919 1704 986 1756 coo,
1083 1687 1116 1721 θ

60 1753 108 1821 qui
129 1754 259 1821 praesidio
278 1755 391 1806 navibus
409 1764 506 1821 essent,
521 1755 555 1805 de
569 1755 645 1806 tertia
657 1755 748 1821 vigilia
765 1757 799 1807 ad
815 1754 908 1807 hostes
926 1773 987 1807 cou·
1083 1745 1120 1766 ‘

62 1823 153 1890 tendit,
168 1840 200 1874 eo
220 1826 308 1876 minus
321 1825 420 1876 veritus
440 1822 561 1889 navibus,
575 1823 644 1892 quod
666 1823 788 1876 inlitora
808 1823 987 1894 molli'atque
1087 1805 1123 1842 ο

61 1903 151 1960 aperto
171 1892 303 1960 deligatas
321 1893 355 1945 ad
373 1910 499 1945 ancoram
517 1892 690 1961 relinquebat,
710 1901 737 1945 et
761 1893 897 1962 praesidio
914 1894 987 1945 navi·

60 1961 111 2014 bus
132 1961 163 2020 Q.
178 1965 281 2014 Atrium
304 1963 440 2031 praefecit.
477 1963 537 2032 lpse
559 1972 637 2014 noctu
659 1979 814 2030 progressus
834 1961 910 2015 milia
928 1980 987 2032 pas·

61 2048 140 2082 suum
159 2032 263 2083 circiter
275 2049 325 2084 xrr.
340 2032 456 2083 hostium
475 2032 565 2100 copias
584 2032 754 2099 conspicatus
765 2041 815 2083 est.
852 2033 895 2084 llli
912 2033 988 2101 equi-

61 2108 117 2152 tatu
135 2110 216 2169 atque
238 2102 342 2153 essedis
364 2102 398 2153 ad
420 2102 532 2153 flumeu⁸
552 2102 689 2170 progressi,
712 2118 746 2153 ex
769 2101 827 2154 loco
851 2103 987 2170 superiore

91 2255 98 2281 ¹
108 2253 174 2300 That
186 2253 215 2309 is,
232 2254 376 2314 ‘according
387 2263 412 2301 to
424 2255 482 2302 time
494 2253 542 2301 aud
553 2253 762 2302 circumstances!

89 2325 208 2386 ’Asticus
226 2326 247 2374 is
264 2327 378 2386 properly
395 2327 436 2374 the
453 2326 518 2374 wind
537 2326 589 2374 that
607 2326 685 2374 blowa
702 2326 764 2374 from
782 2325 876 2383 Africa,
895 2328 940 2376 but
956 2329 987 2378 its

60 2395 130 2432 exact
143 2385 208 2443 point
221 2386 244 2431 in
257 2386 297 2432 the
310 2402 422 2444 compass
433 2397 499 2433 must
511 2385 573 2432 have
586 2387 649 2433 been
660 2386 731 2433 north
743 2384 770 2433 os
777 2385 937 2435 south-west.

59 2457 165 2564 Tfia'gqp
180 2458 246 2516 point
258 2458 286 2505 os
300 2458 393 2506 Britain
411 2459 468 2506 here
486 2458 583 2507 alluded
599 2469 625 2507 to
636 2474 688 2507 was
704 2459 823 2520 probably
834 2459 877 2507 the
896 2460 940 2508 isle
958 2459 987 2509 of

89 2590 162 2637 ‘The
174 2589 266 2650 change
279 2589 306 2637 of
319 2590 368 2637 tide
385 2591 443 2638 here
460 2590 601 2639 mentioned
617 2601 684 2639 must
695 2591 758 2639 have
770 2593 835 2640 been
845 2591 889 2640 the
901 2593 986 2654 begin-

58 2648 117 2709 ning
129 2650 156 2696 os
164 2651 204 2696 tho
217 2650 263 2696 rise
274 2649 301 2695 of
309 2648 349 2696 the
362 2662 445 2697 water.

88 2723 98 2749 ⁶
112 2721 197 2770 Virtus
209 2723 266 2770 here
279 2723 299 2770 is
314 2728 433 2784 ‘couroge
445 2722 491 2771 and
503 2722 696 2782 perseverance.’

88 2795 247 2844 “donatiana
261 2797 279 2844 ie
292 2797 343 2844 that
353 2795 433 2844 which
445 2797 560 2844 hasbeen
572 2796 753 2855 accomplished
763 2796 850 2844 within
858 2795 903 2845 the
915 2813 988 2858 space

58 2853 87 2902 os
100 2869 145 2902 one
158 2871 223 2913 year,
238 2855 284 2903 and
296 2856 459 2916 accordingly,
473 2855 540 2912 here,
555 2857 596 2904 the
608 2856 676 2915 ships
693 2855 755 2904 built
767 2855 791 2903 iu
803 2855 846 2904 tha
858 2872 947 2905 course
960 2856 988 2906 ol

59 2914 100 2961 the
113 2912 243 2981 preceding
255 2931 319 2973 year.

88 2986 179 3034 'Litnr
196 2989 264 3034 molle
280 2989 299 3033 is
312 3005 325 3035 a
337 2989 422 3048 genrly
433 3004 460 3035 or
472 2987 600 3048 gradually
611 2988 707 3048 sloping
722 2996 799 3044 coast,
812 2987 861 3036 and
878 2989 989 3050 opposed

59 3051 85 3094 to
95 3061 110 3092 a
120 3054 187 3091 coast
199 3046 333 3105 consisting
345 3047 372 3094 os
380 3047 436 3094 hills
448 3063 475 3094 or
486 3047 566 3094 rocks.

87 3119 96 3147 ⁸
108 3117 163 3165 The
175 3117 238 3165 river
250 3118 308 3164 here
320 3121 461 3168 mentioned
471 3136 553 3168 seems
564 3129 590 3168 to
602 3120 664 3168 have
676 3120 739 3167 beau
750 3118 792 3166 the
804 3118 892 3179 Stant,
906 3137 988 3171 soma·

59 3176 124 3226 what
139 3177 217 3224 below
232 3176 396 3236 Cauterbury.
