2250 3736
143 239 203 298 222
445 258 487 298 na
508 258 606 298 nunno
627 259 764 301 asiarco.

144 366 276 435 subeunt3
294 365 446 434 defatigatis
464 366 490 419 in
510 369 599 420 vicem
616 368 710 435 integri
729 366 885 419 succedunt.
922 368 1022 435 Agger,
1036 365 1072 419 ab

143 436 275 488 universis
295 437 322 488 in
340 437 515 489 munitionem
534 436 679 505 conjectus,
700 445 727 488 et
745 454 890 489 ascensum
909 435 955 488 dat
975 436 1072 506 Gallis,

147 515 171 557 et
189 522 231 574 ea,
250 522 320 575 quae
339 506 364 558 iu
386 515 484 559 terram
502 507 699 559 occultaverant
719 507 839 576 Romani,
859 505 993 574 contegit:
1020 522 1073 558 nec

144 573 199 645 jam
211 592 286 628 arma
298 575 400 644 nostris,
414 592 465 627 nec
477 577 547 628 vires
559 584 710 644 suppetunt.

179 649 221 697 86.
246 645 295 696 llis
317 644 395 698 rebus
413 646 532 715 cognitis,
553 645 650 697 Caesar
669 645 818 698 Labienum
836 661 899 697 cum
917 643 1073 697 cohortibus

144 730 193 766 sex
213 714 332 767 subsidio
356 714 537 768 laborantibus
557 716 653 768 mittit:
678 715 800 784 imperat,
822 715 844 767 si
865 715 998 766 sustinere
1018 731 1074 766 non

143 784 234 853 possit,
254 785 376 837 deductis
393 783 546 837 cohortibus
563 789 701 853 eruptione
719 793 835 854 pugnet,
854 783 890 853 id,
905 783 959 836 nisi
977 800 1073 835 neces·

144 854 220 922 sario,
241 871 274 905 ne
297 853 384 906 saciat.
430 854 490 922 lpse
517 854 572 906 adit
592 854 724 924 reliquos3
750 853 908 923 cohortatur,
928 870 962 906 ne
987 853 1073 906 labori

144 923 321 976 succumbant
328 940 339 994 ᾖ
359 923 479 975 omnium
500 923 663 993 superiorum
684 924 884 977 dimicationum
905 923 1024 976 fructum
1046 924 1073 975 in

144 1009 177 1044 eo
200 993 245 1045 die
269 1002 349 1061 atque
374 993 438 1044 hora
460 993 538 1046 docet
562 994 716 1046 consistere.
752 993 899 1061 Interiores,
920 993 1073 1061 desperatis

144 1063 341 1132 campestribus
361 1062 425 1114 locis
445 1073 550 1132 propter
568 1063 784 1132 magnitudinem
801 1063 990 1131 munitionum,
1012 1061 1073 1114 loca

144 1141 287 1201 praerupta
312 1149 347 1186 ex
373 1135 499 1199 ascensul
519 1141 636 1186 tentant:
667 1133 720 1187 huc
739 1151 779 1200 ea,
805 1149 875 1200 quae
903 1139 1071 1201 paraverant,

145 1201 299 1254 conserunt:
327 1201 499 1254 multitudine
529 1203 643 1256 telorum
665 1220 699 1257 ex
726 1203 842 1256 turribus
870 1212 1071 1272 propugnantes

145 1269 302 1324 deturbant:
326 1288 424 1339 aggere
448 1280 474 1325 ct
498 1272 615 1325 cratibus
638 1273 724 1326 fossas
743 1273 859 1342 explent,
881 1271 971 1324 aditus
989 1288 1073 1340 expe·

133 1339 235 1393 idiunt:
254 1340 368 1394 falcibus
380 1341 481 1394 vallum
493 1358 525 1394 ao
538 1342 647 1395 loricam
659 1342 820 1395 rescindunt.

179 1414 223 1462 87.
235 1411 334 1463 Caesar
352 1411 432 1463 mittit
448 1411 532 1480 primo
550 1411 671 1465 Brutum²
681 1412 879 1465 adolescentem
899 1427 961 1462 eum
980 1408 1073 1462 cohor·

145 1478 217 1532 tibus
234 1496 290 1550 sex,
312 1490 371 1549 post
390 1498 451 1533 cum
470 1481 530 1533 aliis
548 1492 654 1550 septem
672 1483 701 1535 C.
721 1482 834 1535 Fabium
852 1481 986 1548 legatum:
1012 1496 1073 1548 pos·

144 1556 229 1601 tremo
248 1549 312 1619 ipse,
331 1567 415 1619 quum
434 1549 623 1604 vehementius
641 1561 796 1620 pugnarent,
817 1550 933 1618 integros
951 1549 1072 1602 subsidio

143 1616 261 1672 adducit.
296 1619 428 1672 Restituto
448 1621 546 1688 proelio
564 1637 597 1672 ao
612 1621 726 1689 repulsis
744 1619 871 1688 hostibus,
891 1637 931 1688 eo,
949 1635 1001 1687 quo
1022 1619 1072 1670 La·

143 1686 254 1740 bienum
267 1689 384 1758 miserat,
397 1689 549 1758 contendit,
568 1689 690 1742 cohortes
707 1699 818 1758 quatuor
833 1706 868 1741 ex
880 1689 1000 1758 proximo
1013 1705 1072 1739 oas-

144 1757 207 1808 tello
227 1757 336 1811 deducit
344 1775 352 1826 3
376 1759 497 1827 equitum
519 1776 548 1811 se
568 1767 671 1828 partem
696 1760 779 1829 sequi,
802 1768 905 1828 partem
926 1759 1072 1810 circumire

145 1828 289 1879 exteriores
305 1828 467 1880 munitiones
485 1837 511 1880 et
530 1828 564 1881 ab
583 1837 657 1896 tergo
676 1828 766 1882 hostes
786 1829 882 1881 adoriri
898 1827 983 1897 jubet.
1021 1827 1073 1880 La·

143 1893 248 1965 bienus,
261 1905 403 1966 postquam
421 1914 509 1966 neque
528 1915 647 1967 aggeres,
664 1915 751 1968 neque
770 1897 858 1951 fossae
876 1899 929 1950 vim
951 1896 1072 1949 hostium

144 1966 276 2018 sustinere
295 1975 423 2037 poterant,
443 1968 541 2020 coactis
559 1967 807 2036 undequadraginta
825 1966 985 2034 cohortibus,
1002 1983 1072 2035 quas

144 2051 179 2087 ex
199 2035 327 2103 proximis
350 2036 491 2104 praesidiis
511 2037 642 2089 deductas
662 2037 715 2090 fors
735 2038 838 2106 obtulit,
858 2038 1002 2089 Caesarem
1023 2053 1072 2104 per

144 2105 255 2156 nuncios
267 2105 331 2157 saoit
343 2106 491 2175 certiorem,
502 2106 566 2175 quid
579 2105 736 2160 faciundum
747 2107 891 2160 existimet.
926 2104 1072 2158 Accelerat

144 2173 249 2241 Caesar,
263 2183 291 2226 ut
304 2175 404 2243 proelio
417 2175 527 2228 intersit.
554 2215 556 2219 Α

179 2248 222 2296 88.
243 2241 309 2312 Ejus
327 2244 444 2297 adventu
463 2262 499 2298 ex
515 2244 602 2297 colore
619 2245 745 2298 vestitus'
761 2245 873 2314 cognito,
891 2245 955 2314 (quo
973 2243 1072 2311 insigni

143 2311 170 2364 in
183 2313 288 2380 procliis
306 2314 345 2365 uti
356 2315 553 2385 consueverat)
565 2315 715 2383 turmisque
733 2316 854 2384 equiturn
873 2323 900 2366 et
917 2313 1072 2367 cohortibus

143 2381 215 2450 visis,
236 2398 303 2449 quas
322 2400 351 2434 se
372 2384 448 2451 sequi
470 2383 642 2453 jusserat,'ut
661 2385 695 2435 de
714 2384 780 2436 locis
800 2384 981 2453 superioribus
1000 2382 1072 2436 haec

143 2449 258 2503 declivia
276 2460 303 2504 et
314 2451 419 2504 devexa
436 2452 619 2522 cernebantur,
633 2453 724 2505 hostes
741 2454 873 2523 proelium
887 2453 1070 2506 committunt.

143 2518 284 2590 Utrimque
302 2522 417 2574 clamore
437 2522 548 2593 sublato,
562 2523 670 2592 excipit⁴
681 2540 771 2575 rursus
783 2539 817 2575 ex
828 2522 897 2576 vallo
915 2531 997 2591 atque
1013 2539 1072 2575 om·

174 2697 366 2806 ¹qupruptopa
376 2717 489 2758 arconem
507 2701 602 2759 thetis,
617 2706 701 2761 ‘steep
712 2701 774 2750 from
789 2701 832 2749 the
847 2700 914 2761 point
926 2701 1010 2748 where
1027 2700 1071 2749 tho

142 2774 215 2809 ascen
254 2775 331 2820 egms.

171 2845 312 2893 'Whether
322 2844 371 2893 this
383 2845 403 2894 is
415 2845 531 2894 Decimus
542 2862 569 2895 or
580 2845 678 2895 Marcus
690 2845 782 2895 Brutus
793 2846 814 2895 is
825 2845 959 2902 uncertain,
973 2845 1070 2908 though

142 2904 160 2952 it
171 2904 192 2952 is
203 2919 270 2952 more
281 2905 396 2963 probable
408 2906 460 2953 that
472 2906 514 2953 the
526 2905 613 2954 former
624 2906 645 2954 is
656 2915 746 2954 meant.

170 2995 180 3022 ⁸
190 2992 245 3040 The
257 2992 340 3041 colour
350 2992 378 3040 of
390 3009 404 3040 a
414 2993 536 3053 general's
547 2993 618 3041 cloak
629 3009 680 3042 was
691 2993 788 3050 scarlet‚
799 2993 860 3041 with
871 3009 885 3040 a
896 2991 981 3052 purple
993 2993 1070 3052 stripe

142 3050 166 3099 in
178 3052 249 3099 front.
282 3052 337 3099 The
349 3053 429 3100 words
441 3052 520 3100 which
537 3052 619 3100 follow
635 3053 660 3100 in
675 3053 834 3112 parenthescs
853 3067 893 3100 are
910 3051 1027 3100 intended
1045 3063 1069 3100 to

141 3111 210 3232 plpppp
220 3111 380 3229 ,tilpqtggaesar
391 3127 441 3159 was
457 3121 499 3160 not
516 3111 592 3160 afraid
602 3111 631 3160 of
642 3113 761 3174 exposing
771 3112 809 3161 his
820 3126 909 3171 person
920 3111 943 3159 in
956 3127 1028 3160 cases
1039 3109 1067 3160 ol

171 3255 298 3326 ‘Empta
316 3255 404 3317 supply
414 3260 476 3306 tunc
485 3260 613 3316 cunerem,
626 3265 652 3307 to
662 3259 693 3307 be
704 3257 780 3308 taken
789 3265 831 3308 out
842 3256 871 3306 ol
881 3255 924 3307 the
935 3255 1068 3321 preceding

140 3315 249 3365 ablativo
260 3315 380 3364 absolute.
