2250 3736
103 226 159 284 152
405 245 445 284 nu
468 245 564 282 anuto
585 243 720 282 onciaco.

100 352 186 404 solum
206 354 230 404 in
250 352 375 405 omnibus
393 353 546 406 civitatibus
563 365 643 421 atque
664 353 688 404 in
707 352 834 405 omnibus
853 353 932 422 pagis
951 371 996 423 par

102 425 222 490 busque,¹
234 422 281 474 sed
295 440 381 490 paene
401 425 484 476 etiarn
497 423 521 474 in
536 423 647 489 singulis
659 423 783 475 domibus
802 423 938 475 sactiones
954 442 996 475 sur

99 509 245 560 earumque
267 491 412 544 lactionum
432 493 564 562 principes
582 502 650 561 sunt,
664 493 709 560 qui
730 510 867 544 summam
889 494 996 545 auctori

99 571 153 613 tem
167 579 260 613 eorum
271 561 371 630 judicio
384 562 483 614 habere
502 563 695 631 existimantur,
706 564 829 630 quorum²
841 562 875 613 ad
890 562 996 616 arbitrii

98 631 283 702 judiciumque
304 649 410 684 summa
429 633 548 685 omnium
571 649 657 684 rerum
678 632 906 700 consiliorumque
930 633 994 684 rede

98 701 182 769 quue
203 701 262 770 ejus
283 701 319 752 rei
339 719 422 753 causa
441 702 589 769 antiquitus
605 702 752 753 institutum
775 701 892 767 videtur,
914 719 949 754 ne
970 719 996 771 qr

99 789 132 822 ex
145 772 224 839 plebe
236 781 326 822 contra
334 772 510 839 potentiorem
522 771 614 824 auxilii
627 782 733 838 egeret:
751 787 814 822 suos
827 772 901 822 enim
912 772 994 841 quisq

98 859 113 892 o
134 842 209 909 primi
230 851 257 892 et
277 843 462 892 circumveniri
484 858 534 892 non
555 843 660 910 patitur,
678 844 775 909 neque,
792 840 871 891 aliter
885 841 907 892 si
921 841 994 893 sacia

98 859 182 963 ullam
195 912 262 963 inter
275 928 337 962 snos
352 910 451 962 habent
464 913 659 963 auctoritatem.
697 911 771 962 Haec
789 910 887 962 eadem
910 911 996 963 ratior

99 980 123 1031 in
144 998 251 1032 summa
271 982 350 1032 totius
368 981 472 1032 Galliae
481 981 499 1032 :³
511 998 628 1049 namque
649 997 743 1032 omnes
761 979 886 1032 civitates
899 980 927 1033 in
939 991 996 1050 part

98 1049 200 1102 divisae
214 1062 274 1104 sunt
287 1050 363 1102 duas.

137 1125 176 1171 12.
195 1121 284 1180 Quum
304 1121 402 1172 Caesar
421 1121 447 1171 in
465 1120 580 1172 Galliam
593 1120 674 1188 venit,
687 1119 796 1170 alterius
816 1119 944 1171 factionis
963 1136 995 1189 pr

98 1190 173 1257 cipes
192 1199 266 1242 erant
280 1190 375 1258 Aedui,
389 1190 499 1242 alterius
517 1189 652 1258 Sequani.⁴
686 1190 720 1240 Hi
738 1205 821 1258 quum
835 1205 883 1256 per
897 1206 927 1240 se
941 1190 996 1243 nain

98 1260 225 1329 valerent,
245 1260 316 1327 quod
337 1277 444 1312 summa
463 1261 606 1312 auctoritas
626 1259 773 1327 antiquitus
796 1267 853 1309 erat
874 1259 903 1310 in
925 1259 996 1311 Aedi

97 1347 265 1398 magnaeque
285 1346 377 1381 eorum
396 1339 470 1381 erant
489 1330 638 1398 clientelae,
651 1329 799 1380 Germanos
814 1337 897 1394 atque
911 1329 996 1381 Arion

115 1415 157 1450 rm
170 1399 220 1451 sibi
239 1398 415 1467 adjunxerant
434 1416 532 1467 eosque
550 1400 584 1451 ad
598 1416 626 1450 se
645 1399 750 1466 magnis
767 1396 888 1466 jacturis⁵
901 1398 994 1466 pollici

99 1468 267 1537 tionibusque
293 1469 478 1536 perduxerant.
524 1469 634 1522 Proeliis
654 1485 715 1519 vero
740 1466 926 1535 compluribus
952 1469 996 1521 fac

99 1538 223 1590 secundis
241 1547 321 1606 atque
340 1540 413 1590 omni
431 1538 568 1591 nobilitate
585 1537 741 1590 Aeduorum
758 1536 909 1605 interfecta,
924 1547 996 1592 tantt

98 1609 214 1676 potentia
232 1617 438 1676 antecesserant,
453 1619 480 1659 ut
499 1626 625 1675 maguam
644 1618 748 1674 partem
767 1607 908 1659 clientium
928 1607 996 1661 abl.

98 1677 158 1729 (luis
177 1678 209 1729 ad
231 1695 259 1730 se
281 1678 482 1730 transducerent
503 1678 665 1745 obsidesque
683 1676 719 1728 ab
738 1677 770 1728 iis
787 1676 943 1745 principum
963 1679 993 1731 fil

99 1748 251 1814 acciperent
264 1755 291 1799 et
304 1746 411 1815 publice
423 1746 511 1816 jurare
520 1746 656 1815 cogerent,
668 1745 734 1798 nihil
747 1763 776 1817 se
788 1754 881 1797 contra
892 1747 996 1817 Sequar

98 1817 199 1868 consilii
219 1818 346 1883 inituros3
365 1827 391 1868 et
410 1827 511 1885 partem
531 1816 636 1869 finitimi
654 1816 709 1883 agri
728 1817 847 1884 pervim
867 1826 996 1886 occupata

98 1886 264 1954 possiderent
283 1887 440 1954 Galliaeque
457 1889 538 1939 totius
561 1886 737 1955 principatum
761 1884 923 1937 obtinerent.
976 1887 996 1946 Q

97 1957 258 2008 necessitate
271 1956 403 2007 adductus
416 1955 570 2023 Divitiacus,
584 1955 676 2008 auxilii
695 1954 802 2024 petendi
817 1971 902 2006 causa
918 1957 996 2009 Roma

97 2025 131 2076 ad
145 2036 269 2077 senatum
288 2025 428 2094 profectus,
443 2025 541 2077 inlecta
555 2043 581 2077 re
596 2025 719 2076 redierat.
749 2024 895 2076 ·Adventu⁶
908 2025 996 2078 Caesa

98 2094 169 2146 lacta
188 2096 396 2146 commutatione
417 2113 512 2162 rerum,
526 2094 664 2147 obsidibus
677 2093 779 2146 Aeduis
798 2093 919 2164 redditis,
935 2104 996 2148 vete

97 2163 149 2216 bus
166 2165 299 2216 clientelis
312 2165 447 2232 restitutis,
457 2166 533 2216 novis
546 2182 592 2233 per
604 2165 748 2216 Caesarem
760 2166 932 2234 comparatis,
948 2166 996 2237 (qu

97 2233 132 2301 hi,
154 2235 245 2302 quise
265 2234 408 2286 adeorum
430 2234 576 2286 amicitiam
597 2240 813 2301 aggregaverant,
835 2233 950 2286 meliore
971 2253 996 2287 cr

97 2303 197 2355 ditione
209 2313 289 2372 atque
302 2306 426 2373 aequiore
440 2304 550 2372 imperio
563 2321 591 2354 se
605 2304 643 2355 uti
654 2302 791 2371 videbant)
809 2300 922 2370 reliquis
947 2304 997 2359 reb

97 2390 197 2442 eorum,
225 2375 317 2443 gratia,
348 2374 476 2441 dignitate
504 2373 685 2442 arnplilicata,⁷
705 2372 820 2440 Sequani
847 2373 996 2443 principati

96 2468 996 2491 Ἢ--Δ--ὴ

127 2527 134 2552 ¹
145 2525 199 2571 The
208 2535 289 2586 partes
301 2535 366 2572 must
378 2527 408 2572 be
420 2525 494 2573 taken
505 2541 531 2572 as
543 2524 706 2581 subdivisions
718 2522 745 2570 ol
758 2523 798 2570 the
807 2524 875 2584 pagi.

126 2599 135 2627 ²
148 2598 254 2658 Quorum
265 2599 375 2646 contains
392 2599 433 2646 the
445 2599 498 2646 idea
509 2598 537 2645 of
548 2614 628 2658 quom,
642 2597 758 2656 denoting
769 2612 851 2652 cause,
864 2596 972 2646 whence
989 2608 996 2646 t

96 2659 250 2718 subjunctive
263 2661 349 2705 redeat.

125 2732 210 2779 ’Thai
227 2731 257 2786 is,
271 2731 294 2777 in
312 2717 353 2777 tbo
372 2729 530 2777 constitution
547 2729 575 2777 of
586 2729 619 2777 all
636 2729 709 2786 Gaul,
722 2727 876 2788 considering
895 2728 914 2776 it
933 2745 963 2778 as
982 2746 996 2778 o

96 2803 163 2851 great
175 2800 248 2846 state,
262 2805 288 2836 or
299 2805 326 2837 as
338 2806 352 2836 a
362 2789 436 2837 rinion
447 2790 475 2836 of
487 2800 572 2837 states.

125 2867 133 2893 ⁴
144 2865 190 2911 See
203 2864 217 2910 i.
227 2866 264 2911 31.

124 2936 258 2984 lJcrcnrrne
273 2936 317 2984 hus
334 2935 421 2984 almost
439 2936 480 2983 the
492 2935 605 2995 meaning
616 2935 644 2983 ol
658 2934 802 2994 ‘presents‚'
814 2932 850 2980 for
861 2933 879 2980 it
892 2933 996 2982 denotas

96 2994 362 3114 liqsqspglpnqlqgaeperson
374 3009 394 3043 rs
405 2994 503 3056 obliged
513 3005 538 3041 to
549 2994 644 3042 sustain
654 2993 690 3052 fpr
701 2993 742 3040 the
754 3007 858 3052 purpose
869 2992 898 3039 of
909 2994 996 3041 securir

125 3127 269 3182 “Adventus
287 3125 339 3174 that
351 3126 381 3182 is,
397 3132 434 3174 ‘at
447 3127 488 3174 the
499 3126 558 3174 time
570 3125 598 3173 of
610 3126 651 3173 the
663 3124 766 3173 arrival!

125 3199 293 3261 ⁷Arnplisrrrto
312 3199 332 3246 is
351 3199 407 3246 here
428 3200 497 3247 made
513 3209 539 3246 to
555 3215 626 3259 agree
638 3199 694 3259 only
706 3197 765 3244 with
776 3199 903 3259 dignitate,
917 3195 996 3266 thong'

97 3258 190 3328 strictly
202 3259 329 3328 spealrrng,
349 3259 366 3305 it
382 3260 458 3319 ought
478 3269 503 3306 to
522 3274 592 3365 agree
607 3258 669 3326 yrith
689 3259 786 3318 reliquii
807 3259 880 3313 rebus,
900 3268 924 3304 ot
939 3256 985 3304 wbr

96 3327 176 3380 grotta
187 3320 233 3365 and
244 3321 363 3377 dignitate
373 3333 412 3364 are
424 3318 480 3376 only
491 3332 539 3376 exp
549 3327 665 3365 anatrons.
