2250 3736
513 254 605 294 mana
624 254 664 293 vr.
993 232 1044 291 161

96 355 205 416 1mdis
222 363 392 431 articulisque
411 360 524 413 habent:
544 378 632 430 neque
650 359 749 429 quietis
761 377 843 412 causa
861 358 1047 429 procumbunt,

97 435 225 502 Ileque,
238 435 261 486 si
274 450 326 502 quo
338 432 455 484 afflictae
468 447 532 482 casu
553 429 723 498 conciderint,
737 430 838 496 erigere
857 447 916 480 sese
934 438 980 481 aut
990 429 1050 482 snb

96 485 218 557 levare
236 510 354 572 possunt.
391 501 440 552 His
456 507 517 552 sunt
537 500 644 552 arbores
663 516 708 568 pro
729 499 878 551 cubilibus:
897 500 931 550 ad
953 516 1000 550 eas
1020 515 1050 550 se

95 569 269 641 applicant,
282 580 364 639 atque
385 570 429 638 ita,
449 568 572 637 paullum
594 568 672 620 modo
694 568 846 636 reclinatae,
867 568 987 636 quietern
1007 585 1050 620 ca-

95 642 219 695 Plunt:
239 658 352 710 quarum
365 656 401 692 ex
412 639 531 706 vestigiis
543 655 627 706 quum
646 646 686 689 est
699 637 916 690 animadversum
935 655 952 689 a
971 655 1052 690 vena·

95 703 236 780 toribus,
258 728 310 779 quo
330 727 359 762 se
380 709 498 777 recipere
517 707 676 776 consuerint,
697 724 792 760 omnes
815 724 847 758 eo
870 706 927 758 loco
951 716 997 760 aut
1015 707 1051 761 ab

95 773 262 833 radicibus
286 779 423 846 subruunt,
443 788 488 829 aut
507 776 632 829 accidunt
650 776 757 829 arbores
775 785 887 848 tanturn,
899 784 927 828 ut
945 794 1052 830 summe

94 849 243 905 Species
255 866 347 901 earum
366 847 494 900 stantium
513 846 685 915 relinquatur.
721 846 781 898 Huc
793 862 878 914 quum
897 862 925 897 se
942 863 1052 898 cousue-

95 909 220 970 tudine
240 917 433 986 reclinaverint,
447 916 566 968 infirmas
577 915 685 968 arbores
702 915 819 985 pondere
831 914 953 982 affligunt
971 924 1052 985 atque

96 983 177 1034 ¹¹11&
193 989 267 1056 ipsae
279 986 430 1039 concidunt.

153 1055 207 1108 28.
225 1057 346 1109 Tertium
360 1064 400 1107 est
412 1071 497 1122 genus
510 1071 610 1123 eorum,
623 1054 670 1123 qui
682 1053 732 1105 uri’
743 1053 919 1122 appellantur.
948 1053 981 1105 Hi
991 1061 1053 1107 suut

98 1121 313 1190 magnitudine
326 1125 414 1194 paullo
423 1123 491 1176 infra
500 1122 671 1192 elephantos3
690 1123 780 1191 specie
793 1131 819 1174 et
832 1123 917 1174 colore
931 1130 957 1175 et
969 1122 1054 1189 figura

100 1183 207 1246 tauri.
243 1196 343 1263 Magna
356 1195 397 1246 vis
416 1210 508 1245 eorum
527 1201 553 1244 et
570 1209 670 1260 magua
681 1192 823 1244 velocitas:
843 1208 931 1259 neque
945 1191 1052 1261 bomini,

99 1261 219 1328 neque
231 1263 312 1328 ferae,
326 1281 408 1332 quern
420 1263 612 1331 conspexerint,
627 1270 746 1329 parcunt.
772 1262 826 1313 Hos
839 1261 955 1330 studiose
969 1260 1055 1314 soveis

104 1332 222 1394 ssapros
245 1333 412 1386 interficiunt.
449 1333 506 1383 Hoc
530 1348 559 1382 se
584 1330 672 1383 labore
693 1330 789 1382 durant
810 1330 934 1383 homines
951 1330 1055 1382 adoles·

106 1401 224 1454 oentes
235 1414 314 1471 atque
333 1401 384 1454 hoc
400 1418 499 1469 genere
512 1400 660 1452 venationis
672 1409 813 1468 exercent,
832 1409 858 1452 et
871 1399 916 1467 qui
928 1400 1056 1469 plurimos

110 1470 153 1512 ex
179 1469 226 1523 his
243 1471 440 1540 interfecerunt,
455 1469 545 1522 relatis
564 1470 591 1521 in
610 1469 748 1538 publicum
766 1469 899 1537 cornibus,
913 1486 983 1538 quae
1003 1470 1055 1521 sint

113 1530 288 1610 estimonio,
302 1557 429 1607 magnam
447 1539 535 1592 ferunt
553 1538 671 1591 laudem.
707 1539 759 1590 Sed
778 1538 938 1591 adsuescere
957 1538 991 1590 ad
1010 1538 1056 1590 ho·

114 1607 221 1661 11unes
242 1620 268 1662 et
292 1609 463 1663 mansuefieri
487 1625 522 1660 ne
545 1607 648 1677 parvuli
671 1607 783 1675 quidem
804 1608 909 1676 excepti
928 1607 1057 1676 possunt.⁸

119 1665 285 1744 Amplitudo
299 1696 427 1731 cornuum
440 1685 467 1730 et
479 1678 564 1744 figura
582 1685 609 1729 et
628 1677 734 1745 species
744 1677 861 1729 multum
879 1694 895 1728 a
908 1686 1056 1729 nostrorum

118 1726 215 1798 boum
233 1749 357 1801 cornibus
377 1747 473 1799 differt.
510 1747 585 1799 Haec
606 1746 724 1798 studiose
743 1746 892 1815 conquisita
914 1745 949 1798 ab
967 1746 1056 1799 labris⁴
1081 1804 1083 1808 ,

118 1814 239 1920 1&ento
251 1816 465 1870 circumcludunt
477 1825 557 1884 atque
571 1815 598 1867 in
609 1814 783 1884 amplissimis
796 1816 883 1886 epulis
895 1832 941 1885 pro
953 1815 1057 1885 poculis

145 1889 246 1939 untur.

157 1949 211 2004 29.
245 1957 352 2022 Caesar,
376 1962 519 2023 postquam
545 1970 593 2022 per
615 1951 706 2006 Ubios
723 1954 901 2021 exploratores
927 1953 1056 2022 comperit

114 2002 232 2078 Suevos
256 2042 317 2078 sese
341 2024 368 2076 in
392 2023 473 2076 silvas
497 2024 638 2092 recepisse,
661 2023 777 2091 inopiam
798 2023 926 2076 frumenti
946 2024 1054 2092 veritus,

112 2085 211 2158 quod,
223 2103 252 2147 ut
265 2110 345 2161 supra
357 2092 606 2162 demonstravimus,
620 2092 731 2144 minime
744 2109 838 2144 omnes
850 2092 977 2145 Germani
988 2091 1057 2160 agri·

109 2146 250 2235 culturae
275 2163 391 2228 student,
413 2163 548 2213 constituit
571 2179 624 2214 non
648 2161 769 2240 progredi
792 2162 912 2229 longius,
940 2161 996 2229 sed,
1021 2178 1055 2214 ue

105 2222 237 2300 ⁰¹¹1131no
257 2240 362 2285 metum
379 2231 479 2283 reditus
497 2231 538 2283 sui
555 2230 674 2283 barbaris
692 2230 802 2300 tolleret,
816 2239 896 2298 atque
915 2238 944 2282 ut
963 2247 1056 2283 eorum

102 2289 228 2354 auxllia
253 2301 376 2369 tardaret,
402 2300 511 2352 reducto
532 2300 659 2369 exercitu,
684 2309 789 2368 partem
812 2299 936 2351 ultimam
959 2299 1054 2369 pontis,

99 2357 196 2413 quae
223 2372 295 2440 ripas
324 2370 452 2424 Ubiorum
481 2369 658 2438 contingebat,
682 2369 709 2421 in
739 2368 932 2437 longitudinem
956 2368 1057 2437 pedum

97 2425 157 2470 ⁰⁰·
188 2439 321 2494 rescindit
329 2456 336 2507 3
360 2448 442 2507 atque
466 2438 494 2490 in
517 2448 637 2491 extremo
661 2446 740 2508 ponte
759 2438 853 2490 turrim
877 2436 1056 2491 tabulatorum

92 2493 242 2596 {lualuor
271 2508 408 2561 constituit
443 2509 663 2577 praesidiumque
700 2507 851 2560 cohortium
885 2524 935 2560 x11.
966 2507 1054 2576 pontis

90 2562 222 2664 fluendi
252 2595 335 2631 causa
363 2576 444 2646 ponit,
468 2579 625 2646 magnisque
656 2594 720 2629 eum
749 2576 839 2629 locum
864 2575 1056 2629 munitionibus

116 2631 224 2701 unat.
264 2647 297 2701 Ei
316 2646 374 2699 loco
398 2646 582 2716 praesidioque
606 2647 635 2699 C.
654 2645 806 2700 Volcatium
826 2645 935 2698 Tullum
953 2644 1056 2698 adoles·

88 2735 1048 2791 N———e—

132 2800 144 2829 ι
158 2812 387 2889 Summaspoeim
404 2827 457 2874 that
469 2827 499 2884 is,
515 2827 572 2875 ‘the
583 2827 681 2888 general
692 2827 792 2887 aspect.¹

131 2885 146 2915 ἱ
164 2895 248 2961 Usus
264 2913 285 2960 is
297 2929 311 2960 a
323 2914 430 2960 German
442 2913 509 2960 word
521 2913 570 2967 (the
588 2913 632 2960 full
648 2912 711 2960 form
728 2912 749 2960 is
766 2914 888 2960 ouer-ociis
903 2926 930 2959 or
940 2913 1054 2971 ter-odra),

95 2948 157 2997 und
174 2969 298 3032 signifies
309 2988 324 3019 a
337 2972 477 3019 ‘mountain
487 2972 546 3020 bull'
560 2987 587 3020 or
600 2972 672 3020 ‘wild
684 2972 752 3019 bull.'

102 3031 192 3143 toldc
198 3071 271 3126 eesar
282 3057 339 3105 here
351 3058 472 3125 mentions
484 3058 541 3117 only
552 3059 594 3105 the
606 3074 689 3127 young
700 3059 748 3113 uri,
761 3057 807 3105 and
819 3056 906 3104 allows
917 3056 959 3104 the
970 3056 1056 3106 reads!

165 3116 235 3162 Γᾶν]
247 3117 284 3164 lus
296 3132 351 3164 own
363 3117 516 3164 conclns10ns
528 3129 666 3177 respectrng
678 3117 718 3164 the
730 3115 770 3164 old
781 3131 848 3163 ones.

110 3176 319 3309 nulgdtliebinm
337 3203 393 3280 that
402 3203 432 3260 is,
443 3203 525 3250 where
536 3203 578 3250 the
590 3206 655 3252 labro
667 3203 731 3262 (lips)
742 3202 817 3250 touch
829 3201 933 3269 thamin
942 3200 1058 3264 drinking

224 3333 273 3381 w
624 3349 639 3383 o
