2250 3736
101 238 159 298 328
402 256 442 295 na
463 256 560 294 annno
582 255 721 295 csusrco.

99 382 147 417 suo
160 381 232 417 more
245 363 485 432 conclamaverunt,
499 363 537 415 uti
555 363 638 433 aliqui
657 382 690 418 ex
708 364 804 416 nostris
814 363 849 416 ad
862 365 1007 434 colloquias

99 435 232 504 prodirent
239 451 246 500 ;
266 433 364 486 habere
383 452 451 501 sese,
470 433 592 501 quaeda
611 452 638 485 re
656 434 793 485 communi
812 433 902 486 dicere
915 435 992 486 vellen

98 504 197 573 quibus
210 504 289 555 rebus
301 503 493 554 controversias
505 503 586 554 minui
600 520 679 581 posse
692 513 836 571 sperarent.

134 578 176 625 27.
196 573 313 625 Mittitur
325 574 358 624 arl
378 590 425 624 eos
442 571 609 639 colloquendi
627 588 712 624 causav
728 573 757 624 C.
776 573 926 641 Arpineius,
938 587 1007 641 eque

98 643 240 711 Romanus,
260 641 398 694 familiaris
422 641 454 700 Q.
478 641 580 703 Titurii,
607 651 634 693 et
659 641 692 700 Q.
718 642 814 695 Junius
838 660 871 694 ex
897 640 1007 710 Hispani

98 712 215 781 quidam,
229 713 275 780 qui
293 711 347 781 jum
369 721 432 763 ante
452 710 536 762 missu
556 711 685 763 Caesaris’
705 711 738 763 ad
756 711 939 779 Ambiorigem
957 728 1007 762 ver:

99 782 175 833 litare
199 789 388 833 consueverat:
412 779 483 847 apud
507 796 574 847 quos
595 780 733 832 Ambiorix
756 781 789 832 ad
815 780 887 834 hunc
912 779 1007 833 modur·

99 851 202 904 locutus
222 860 277 902 est:
303 867 362 902 sese
380 866 426 918 pro
441 849 561 900 Caesaris
582 849 607 901 in
629 867 658 901 se
679 849 821 902 beneficiis
835 851 976 919 plurimum
991 868 1007 899 ι

98 921 216 973 confiteri
238 919 345 988 debere,
367 919 437 987 quod
461 918 522 987 ejus
544 935 624 986 opera
644 919 775 987 stipendio
796 919 920 973 liberatus
941 937 1007 971 esse:

98 992 168 1059 quod
186 989 335 1042 Aduatucis
354 989 473 1040 finitimis
491 988 545 1039 suis
568 987 686 1056 pendere
704 999 875 1058 consuesset,
899 990 1007 1058 quodqu:

98 1061 123 1111 oi
144 1071 170 1111 et
192 1060 262 1111 lilius
282 1068 308 1110 et
329 1057 415 1109 fratris
435 1057 506 1110 filius
525 1057 559 1110 ab
578 1058 692 1110 Caesare
713 1059 818 1110 remissi
837 1074 934 1127 essent,
954 1072 1007 1126 qut:

98 1129 240 1197 Aduatuci,
259 1127 383 1180 obsidum
408 1144 518 1179 numero
541 1128 645 1195 missoS,
664 1127 783 1195 apudse
802 1128 827 1179 in
852 1129 974 1180 seruitute
990 1145 1007 1176 ι

98 1199 200 1250 catenis
217 1198 378 1250 tenuissent:
403 1213 491 1265 neque
510 1196 544 1264 id,
564 1195 635 1264 quod
654 1195 747 1249 fecerit
771 1197 805 1249 de
829 1197 1007 1266 oppugnatioc

97 1278 252 1334 castrorum,
272 1276 316 1318 aut
336 1265 434 1335 judicio
454 1275 500 1316 aut
517 1265 653 1317 voluntate
673 1283 723 1318 sua
744 1267 849 1335 fecisse,
863 1268 909 1319 sed
928 1273 1007 1318 coac!

99 1337 230 1404 civitatis,
250 1352 350 1404 suaque
370 1352 430 1387 esse
449 1334 580 1404 ejusmodi
593 1335 724 1405 imperia,²
735 1345 764 1387 ut
776 1353 827 1388 non
841 1337 929 1389 minus
940 1334 1004 1387 hab-

98 1415 136 1457 ret
155 1405 220 1474 juris
233 1406 258 1456 in
272 1422 301 1456 se
315 1405 464 1472 multitudo,
478 1421 558 1472 quarn
571 1405 628 1473 ipse
641 1405 668 1456 in
679 1405 888 1458 multitudinem.
917 1405 1007 1456 Civitu

97 1491 172 1542 porro
196 1474 265 1526 hanc
289 1475 370 1526 fuisse
394 1474 458 1526 belli
482 1491 599 1542 causam,
620 1475 688 1542 quod
714 1476 868 1543 repentinae
887 1475 986 1527 Gallorn

98 1543 270 1612 conjurationi
291 1545 413 1596 resistere
425 1561 478 1595 non
490 1545 619 1612 potuerit:
639 1543 665 1595 id
679 1561 708 1596 se
722 1543 800 1596 facile
819 1562 853 1597 ex
866 1544 1007 1597 humiliter:

98 1630 146 1665 sua
159 1613 269 1681 probaro
282 1630 367 1681 posse,
382 1613 450 1681 quod
463 1630 515 1664 non
527 1612 595 1664 adeo
613 1615 647 1664 sit
667 1614 807 1681 imperitus
820 1618 914 1682 rerum,
927 1622 953 1665 nt
964 1626 1007 1664 st:

98 1683 181 1750 copiis
204 1683 329 1751 populum
355 1684 501 1735 Romanum
528 1698 557 1733 se
578 1699 702 1751 superare
722 1700 801 1751 posse
821 1684 947 1736 confidat:
969 1696 1007 1733 s:

98 1768 159 1803 esse
172 1753 274 1804 Galliae
294 1769 436 1804 commune
455 1751 612 1820 consilium3
630 1752 756 1804 omnibus
768 1752 889 1805 hibernis
902 1753 1007 1805 Caesa:

98 1821 281 1888 oppugnandis
299 1821 370 1872 hunc
389 1839 448 1872 esse
467 1821 571 1872 dictum
589 1821 670 1888 diem,
690 1839 724 1873 ne
744 1838 797 1889 qua
823 1822 891 1890 legio
913 1821 1007 1874 alteru

98 1889 194 1956 legioni
207 1889 324 1942 subsidio
337 1891 427 1942 venire
440 1899 544 1958 posset:
564 1907 616 1942 non
635 1890 714 1942 facile
727 1891 818 1942 Gallos
830 1891 913 1944 Gallis
924 1905 995 1956 nega.

98 1961 222 2027 potuisse,
242 1963 398 2028 praesertim
430 1977 494 2011 uum
507 1959 541 2011 de
556 1960 736 2028 recuperanda
749 1962 887 2013 communi
898 1961 994 2012 liberta

98 2029 240 2080 consilinm
264 2029 359 2081 initum
382 1977 526 2080 videretur.
562 2029 666 2087 Quibus
695 2029 820 2096 quoniam
844 2047 891 2098 pro
914 2031 1007 2099 pietat:

98 2097 264 2165 satisfecerit,
284 2097 384 2150 habere
407 2115 479 2149 nunc
503 2116 532 2150 se
557 2099 687 2150 rationem
710 2098 791 2150 officii
815 2116 861 2167 pro
886 2091 1007 2152 benefici

98 2166 233 2235 Caesaris3
257 2184 374 2236 monere,
394 2184 468 2218 orare
487 2168 619 2220 Titurium
643 2184 689 2236 pro
707 2166 829 2236 hospitio,
850 2177 878 2220 ut
902 2184 963 2220 suae
983 2176 1007 2216 fl

97 2235 213 2288 militum
233 2237 311 2288 saluti
330 2237 465 2289 consulat:
485 2254 611 2304 magnam
631 2254 740 2288 manum
754 2238 945 2290 Germanorum
957 2246 1007 2288 oo!

97 2303 204 2356 ductam
217 2305 340 2358 Rhenum
353 2306 478 2358 transisse
486 2322 493 2373 5
512 2306 581 2358 hanc
598 2305 689 2357 adfore
702 2306 792 2358 biduo.
829 2307 949 2375 ipsorum
959 2316 1007 2356 esa

97 2374 257 2445 consilium,⁶
269 2375 386 2428 velintne
405 2377 485 2445 prius,
499 2393 579 2444 quarn
599 2375 705 2428 finitimi
724 2376 847 2448 sentiant,
861 2376 968 2428 eductos
983 2384 1007 2424 ε

126 2591 170 2642 ¹lll
179 2597 227 2642 isso
239 2593 349 2642 Caesaris
361 2595 381 2642 is
393 2595 434 2642 the
446 2610 513 2642 same
524 2611 551 2642 as
561 2595 668 2642 mittente
679 2592 788 2641 Caesare.
820 2592 910 2640 Saevi.
922 2595 944 2642 7.

96 2667 243 2772 k⁹l⁷²¹l³⁰rl⁰
255 2667 312 2714 here
324 2683 363 2714 are
375 2668 417 2714 the
428 2668 505 2728 rights
517 2667 563 2715 and
579 2683 674 2727 powers
685 2665 766 2714 which
782 2666 872 2726 belong
888 2675 913 2713 to
928 2665 976 2712 him
990 2673 1007 2710 ε

115 2742 137 2773 ru
157 2762 163 2774 .

125 2742 278 2846 'humilitas
295 2797 316 2845 is
332 2797 374 2845 the
389 2799 499 2856 opposite
510 2798 538 2846 of
547 2807 662 2860 potestus,
676 2796 731 2854 and,
745 2796 909 2858 accordingly,
924 2792 1007 2843 ‘wouh

96 2858 172 2913 ness,'
186 2874 212 2905 or
225 2863 305 2905 ‘want
317 2857 344 2905 of
356 2858 454 2916 power!

125 2930 241 2978 ⁴Alteroe
257 2947 342 2978 occurs
359 2946 415 2978 now
426 2931 472 2978 and
490 2930 548 2978 then
566 2931 590 2978 in
607 2931 648 2978 the
666 2929 747 2978 dative
765 2929 802 2976 sor
815 2931 894 2976 ultori.
926 2927 953 2975 In
970 2924 1007 2973 tit:

96 3003 197 3036 manner
204 3005 241 3036 we
252 2989 303 3037 also
315 2989 364 3037 lind
375 2993 449 3037 altero
458 2990 481 3036 in
492 2990 532 3036 the
542 2990 631 3046 dative,
641 2989 736 3037 instead
744 2988 772 3035 os
779 2991 857 3036 alteri.
881 2988 928 3035 See
935 2986 973 3034 vii.
980 2985 1007 3031 2:

126 3061 241 3117 ‘Pietasr
260 3063 308 3111 this
320 3064 385 3110 word
404 3063 535 3121 comprises
547 3063 579 3130 pll
590 3063 632 3110 the
643 3063 723 3110 duties
734 3061 815 3129 which
833 3077 848 3109 a
864 3076 921 3108 man
936 3058 979 3107 has
992 3066 1007 3103 t

97 3120 201 3187 perform
212 3121 318 3168 towards
331 3123 394 3176 God,
408 3122 445 3169 his
463 3131 569 3180 parents,
583 3121 681 3177 lriends,
696 3121 742 3168 and
759 3120 796 3166 hrs
814 3130 924 3178 country.
955 3116 1007 3165 Hor.

98 3188 115 3225 rt
127 3179 202 3225 refers
214 3195 279 3225 more
291 3181 423 3240 especially
435 3191 460 3228 to
472 3181 513 3227 the
525 3180 605 3228 duties
616 3181 647 3228 ho
660 3180 729 3228 owed
740 3190 766 3226 to
777 3179 815 3226 his
827 3190 937 3238 country.

125 3249 253 3318 praorum
264 3269 314 3298 esse
323 3255 456 3309 consilium,
470 3254 487 3301 it
499 3270 550 3303 was
561 3254 587 3302 in
597 3254 660 3302 their
669 3269 752 3314 power
767 3252 808 3309 (he
824 3251 886 3303 said)
901 3261 927 3300 to
941 3249 1007 3299 dele!

98 3319 162 3357 mme
175 3309 293 3367 whether,
308 3309 356 3358 &c
