2250 3736
109 223 166 281 132
409 240 450 279 ou
471 240 568 279 anano
589 239 726 279 uranico.

106 366 156 402 non
177 349 279 416 suisset,
296 347 370 400 nulla
388 349 415 400 in
432 365 460 400 re
479 349 615 401 communi
635 348 713 400 saluti
731 347 832 415 deerat,
849 356 876 400 et

105 419 202 470 laudis¹
219 417 441 486 cohortandisque
461 418 590 470 militibus
604 418 770 486 imperatoris
782 430 809 469 et
822 419 847 469 in
861 435 878 486 p

107 489 139 540 tis
148 488 237 540 officia
247 488 406 555 praestabat.
433 487 578 555 Quumque
590 498 695 555 propter
707 487 879 554 longitudine]

104 558 194 609 minus
210 557 289 608 facile
309 575 356 626 per
371 574 400 609 se
419 557 508 609 omnia
527 557 607 625 obire,
622 557 724 625 etquid
739 573 846 625 quoque
859 556 879 608 lt

104 627 171 678 dum
181 635 260 695 esset,
275 627 414 695 providere
423 635 538 695 possent,
550 626 687 696 jusserunt
699 627 879 695 pronunciare,

104 697 225 748 dimenta
238 696 417 766 relinquerent
429 706 510 764 atque
523 697 547 748 in
561 696 654 748 orbem
667 697 853 747 consisterent.
877 713 879 729 ⁴

104 766 192 819 silium
207 767 256 818 etsi
270 767 295 818 in
315 765 446 836 ejusmodi
463 782 527 818 casu
547 765 798 834 reprehendendum
811 782 879 816 noni

105 835 273 888 incommode
292 836 405 888 accidit:
430 852 494 887 nam
512 844 539 887 et
557 836 652 887 nostris
676 835 808 886 militibus
828 852 879 903 sper

104 915 130 956 et
144 906 235 958 hostes
246 905 280 956 ad
294 921 412 973 pugnam
424 905 565 956 alacriores
578 904 676 972 effecit,
691 904 762 972 quod
774 921 827 956 non
845 905 879 956 sir

104 976 197 1027 timore
207 985 233 1027 et
246 975 432 1042 desperatione
442 973 467 1025 id
479 973 582 1026 factum
591 973 740 1026 videbatur.
767 973 879 1026 Praeteri

103 1046 173 1113 quod
186 1045 243 1097 fieri
257 1061 368 1096 necesse
382 1051 445 1109 erat,
459 1052 488 1095 ut
500 1043 580 1111 vulgo
593 1044 693 1096 milites
704 1043 739 1094 ab
752 1044 836 1110 signis
850 1043 876 1095 di

102 1131 172 1182 quae
182 1115 296 1183 quisque
306 1130 399 1165 eorum
408 1113 546 1164 carissima
555 1113 672 1181 haberet,
683 1112 718 1165 ab
727 1113 879 1181 impedimer

101 1194 183 1252 atque
204 1185 325 1252 abripere
347 1191 505 1252 properaret,
526 1183 643 1235 clamore
661 1199 695 1234 ac
714 1183 780 1235 fletu
800 1183 879 1235 omnir

101 1264 200 1305 rentur.

137 1327 179 1375 34.
199 1326 233 1375 At
254 1322 373 1375 barbaris
391 1321 542 1374 consilium¹
559 1339 609 1374 non
629 1320 730 1374 defuit:
750 1338 816 1373 nam
830 1321 879 1373 dur

101 1399 156 1444 tota
174 1394 232 1443 acie
252 1393 426 1459 pronunciare
441 1391 584 1460 jusserunt,
600 1409 635 1443 ne
653 1392 715 1459 quis
732 1390 767 1443 ab
785 1391 843 1443 loco
859 1390 876 1442 d

101 1462 205 1513 illorum
224 1478 285 1512 esse
304 1462 440 1530 praedam,
454 1471 535 1530 atque
554 1460 606 1513 illis
625 1460 760 1528 reservari,
775 1477 879 1529 quaecu

100 1533 173 1584 niani
195 1530 382 1599 reliquissent:
407 1531 516 1599 proinde
535 1531 626 1582 omnia
647 1531 673 1582 in
694 1531 804 1581 victoria
829 1547 879 1598 pos

99 1610 212 1654 marent.
251 1601 331 1653 Erant
344 1609 372 1653 et
384 1602 481 1653 virtute
494 1608 521 1651 et
536 1617 647 1652 numero
666 1599 808 1667 pugnando
827 1617 879 1668 pari

101 1681 200 1738 tamen,
217 1671 267 1721 etsi
285 1670 320 1722 ab
333 1671 402 1722 duce
421 1679 447 1722 et
467 1670 572 1721 fortuna
589 1670 788 1737 deserebantur,
806 1679 878 1721 tame

100 1758 176 1808 spem
195 1739 288 1791 salutis
306 1740 333 1792 in
348 1741 445 1792 virtute
464 1739 605 1809 ponebant,
623 1748 650 1791 et
666 1740 771 1807 quoties
787 1756 876 1807 quaeq

99 1819 271 1877 procurreret,
290 1809 325 1861 ab
345 1827 377 1860 ea
396 1817 469 1877 parte
488 1826 600 1876 magnus
618 1808 735 1860 hostium
755 1822 879 1860 numerus

99 1878 158 1936 Qua
179 1897 205 1930 re
226 1879 421 1948 animadversa,
440 1878 579 1930 Ambiorix
598 1877 763 1947 pronunciari
782 1877 866 1946 jubet,

99 1949 153 1999 tela
177 1946 317 2018 conjiciant
342 1965 395 2000 neu
419 1948 527 2016 propius
550 1947 688 2015 accedant,
710 1957 737 1999 et
761 1964 842 2016 quam
868 1948 879 1998 i·

98 2017 209 2070 Romani
224 2020 356 2086 impetum
372 2018 490 2085 iecerint,
505 2017 615 2080 cedant;
634 2017 744 2073 levitate
762 2034 879 2070 armorui

99 2086 198 2139 tidiuna
211 2087 401 2140 exercitatione
414 2087 480 2139 nihil
492 2088 526 2138 iis
542 2088 630 2139 noceri
642 2102 735 2157 posse:
756 2104 846 2140 rursus
857 2104 879 2138 si

99 2156 270 2223 recipientes⁸
281 2159 462 2226 insequantur.

134 2231 175 2278 35.
194 2226 252 2284 Quo
277 2236 419 2296 praecepto
438 2226 473 2278 ab
492 2225 525 2278 iis
548 2225 751 2293 diligentissime
771 2225 879 2278 observa

98 2296 243 2364 quaepiam
261 2299 355 2348 cohors
372 2315 407 2348 ex
424 2296 487 2348 orbe
506 2305 658 2348 excesserat
674 2305 755 2364 atque
768 2296 879 2364 impetur

98 2363 189 2416 hostes
202 2365 372 2417 velocissime
391 2365 567 2433 refugiebant.
604 2365 713 2417 Interim
732 2382 792 2417 eam
808 2375 879 2433 parte

98 2451 211 2486 necesse
225 2444 280 2487 erat
294 2444 320 2487 et
332 2435 367 2487 ab
380 2436 463 2487 latere
476 2443 567 2503 aperto
579 2434 633 2486 tela
647 2435 736 2502 recipi.
772 2435 879 2502 Rursus,

99 2520 162 2556 eum
176 2504 273 2573 locum,
283 2505 355 2557 unde
380 2515 455 2557 erant
468 2505 606 2574 progressi,
621 2505 717 2556 reverti
730 2512 879 2574 coeperant,

127 2668 273 2729 'Appellare
282 2666 340 2714 here
352 2667 373 2714 is
385 2667 425 2714 the
437 2683 503 2714 same
515 2683 542 2714 as
553 2668 650 2727 ulloqui,
666 2670 706 2714 ‘to
718 2665 835 2713 address’

125 2756 275 2804 ’Junci-unt
290 2758 462 2818 pronunciare
480 2756 521 2802 the
539 2755 634 2815 subject
645 2754 673 2802 of
680 2756 810 2815 jusserunt
828 2753 879 2801 isio

97 2816 273 2884 commandere,
283 2816 330 2863 and
342 2816 382 2863 the
394 2815 583 2883 personswhom
593 2813 786 2920 thepcommand
797 2822 822 2859 to
834 2828 879 2872 pro

38 2928 40 2932 ,
97 2888 118 2922 is
129 2885 154 2922 to
166 2878 195 2922 be
207 2875 269 2922 done
281 2890 320 2922 are
332 2875 374 2922 the
386 2884 532 2922 centurione.
566 2874 612 2921 See
624 2889 637 2920 c
656 2889 693 2932 ap.
705 2875 741 2920 34.

126 2962 135 2990 ⁸
147 2961 280 3008 Consilium
291 2962 348 3009 here
360 2962 380 3009 is
395 2967 524 3020 ‘presence
536 2960 563 3007 of
572 2961 656 3016 mind,’
670 2960 750 3007 which
762 2960 782 3007 is
794 2960 835 3007 the
846 2976 879 3007 rer

97 3019 167 3068 vious
179 3020 283 3079 thought
294 3022 341 3080 and
352 3021 509 3068 deliberation
520 3022 669 3075 (consilium).

126 3106 201 3153 ‘'lne
213 3107 327 3165 meaning
337 3107 365 3154 of
373 3108 421 3155 this
432 3122 534 3166 passage
546 3106 580 3153 is:
595 3107 654 3153 both
664 3105 816 3153 theirvalour
824 3105 872 3153 and

98 3165 141 3212 ber
159 3166 191 3220 (in
203 3165 283 3212 which
300 3166 359 3225 they
370 3166 500 3225 surpassed
517 3165 557 3212 the
574 3166 692 3221 Romans)
709 3165 826 3212 rendered
844 3165 879 3213 thr

99 3239 157 3282 eope
170 3224 230 3272 with
241 3223 282 3270 the
295 3225 412 3273 Romans.

128 3314 137 3339 ⁶
147 3311 186 3360 To
197 3314 347 3372 insequentes
359 3311 446 3372 supply
455 3311 582 3359 Rornanos.
