2250 3736
103 243 160 302 184
400 261 441 301 oa
462 262 559 301 aaaao
581 261 716 301 aaamco.

102 368 235 437 quabant;
254 376 280 421 et
296 376 402 437 apertos
415 369 553 422 cuniculos
571 377 694 438 praeusta
708 376 735 420 et
749 377 896 437 praeacuta
912 371 1023 421 materia

102 449 128 490 et
142 439 201 506 pice
215 438 361 490 fervefacta
374 447 401 490 et
414 439 523 491 maximi
540 438 663 508 ponderis
677 438 1024 491 saxismorabantur¹1uoe·

102 507 232 575 nibusqne
245 508 453 577 appropinquare
467 507 650 576 prohibebant.
845 514 848 519 '

138 581 178 627 23.
198 577 284 628 Muris
307 586 399 629 autem
422 576 547 629 omnibns
570 575 680 629 Gallicis
703 575 771 628 haec
794 575 852 628 fere
870 576 958 628 forma
975 582 1025 627 est.

102 645 204 697 Trabes
216 646 342 714 directae,
356 647 511 715 perpetuae²
523 648 548 699 itt
562 645 763 713 longitudinem,
777 646 888 713 paribus
900 644 1025 697 interval·

103 714 142 782 lis,
156 715 286 767 distantes
299 716 366 767 inter
379 733 408 768 se
421 715 496 767 binos
509 716 599 784 pedes,
613 716 639 766 itt
655 714 710 766 solo
723 714 899 766 collocantur:
920 716 973 766 hae
987 730 1025 765 re·

103 785 251 837 vinciuntur
268 785 402 837 introrsus¹
418 793 444 836 et
463 786 545 837 multo
558 800 656 851 aggere
672 785 829 836 vestiuntur.
867 785 908 838 Ea
924 794 1025 851 autem,

101 871 172 922 quae
188 855 313 922 diximus,
327 853 465 906 intervalla
480 852 625 921 grandibus
643 853 670 904 in
688 853 773 904 fronte
793 853 866 904 saxis
884 853 1026 905 effaroiun·

104 932 145 975 tur
190 925 239 976 His
257 924 392 975 collocatis
409 933 436 974 et
454 923 654 990 coagmentatis,
673 922 743 975 alius
766 921 876 990 insuper
896 923 961 975 ordo
981 921 1027 974 ad·

101 991 197 1062 jicitur,
217 1002 245 1045 ut
265 992 337 1044 idem
362 992 426 1044 illud
450 991 622 1044 intervallum
645 1001 774 1060 servetur,
794 1008 884 1059 neque
909 993 979 1043 inter
997 1007 1026 1043 se

102 1063 255 1130 contingant
278 1062 375 1129 trabes,
386 1061 432 1112 sed
457 1061 566 1140 paribus
589 1062 756 1112 intermissae
781 1062 883 1130 spatiis,
904 1060 1027 1128 singulae

102 1132 214 1199 singulis
238 1132 310 1183 saxis
334 1129 486 1199 interjectrs,
509 1140 566 1182 arte
589 1132 781 1182 contineantur.
826 1129 877 1183 Sic.
897 1130 1028 1200 deinceps

101 1217 181 1253 omne
205 1218 272 1269 opus
295 1200 451 1269 contexitur,
471 1199 537 1251 dum
558 1198 631 1268 justa
649 1199 720 1252 muri
738 1199 852 1251 altitudo
876 1201 1018 1269 expleatur

101 1269 158 1321 Hoc
177 1287 261 1348 quum
280 1270 306 1321 in
324 1270 445 1338 speciem
460 1270 672 1337 varietatemque
687 1285 754 1336 opus
769 1268 890 1322 deforme
909 1278 1026 1338 nonest,

101 1338 210 1390 alternis
231 1338 350 1390 trabibus
372 1355 404 1390 ac
428 1335 519 1406 saxis,⁴'
534 1355 604 1406 quae
628 1340 707 1390 rectis
730 1337 809 1390 lineis
833 1355 896 1390 suos
920 1339 1027 1391 ordines

101 1417 207 1460 servant
216 1424 223 1474 3
242 1417 298 1460 tum
315 1407 349 1459 atl
366 1406 509 1459 utilitatem
525 1416 551 1459 et
567 1407 752 1462 defensionem
766 1407 873 1460 urbium
888 1425 1028 1460 summam

101 1475 181 1529 habet
195 1477 435 1545 opportunitatem,
454 1475 525 1544 quod
538 1486 564 1528 et
580 1476 614 1528 ab
627 1476 750 1528 incendio
763 1475 840 1546 lapis,
855 1485 882 1529 et
894 1477 931 1530 ab
943 1478 1027 1529 ariete

99 1547 212 1598 materia
228 1545 354 1615 defendit,
368 1563 437 1613 quae
454 1545 589 1614 perpetuis
604 1545 723 1598 trabibus
740 1545 824 1614 pedes
840 1547 1028 1614 quadragenos

99 1615 258 1684 plerumque
271 1617 399 1668 introrsus
412 1616 536 1684 revincta,
549 1631 637 1684 neque
655 1615 798 1685 perrumpi,
812 1631 901 1684 neque
915 1616 1028 1668 distrahi

118 1693 195 1739 otest.

99 1701 117 1752 p
135 1759 176 1806 24.
196 1755 232 1806 Iis
244 1762 280 1806 tot
293 1753 374 1805 rebus
389 1752 518 1822 impedita
533 1751 736 1821 oppugnatione,
749 1752 859 1822 milites,
873 1771 959 1823 quum
973 1763 1027 1807 toto

100 1831 218 1892 tempore
232 1822 317 1902 [luto],
329 1823 341 1874 f
343 1824 424 1890 rigore
437 1831 464 1873 et
476 1821 591 1874 assiduis
603 1821 735 1874 imbribus
748 1823 923 1893 tardarentur,
934 1833 1027 1877 tamen

98 1893 242 1945 continenti
266 1893 355 1944 labore
379 1892 468 1943 omnia
489 1888 559 1942 haec
583 1900 775 1958 superaverunt
796 1900 823 1944 et
842 1893 941 1945 diebus
958 1911 1025 1947 aar.

98 1979 233 2030 aggerem,
247 1961 331 2013 latum
352 1962 435 2030 pedes
454 1977 577 2028 cccxxx,
592 1961 677 2012 altum
695 1961 780 2029 pedes
798 1980 888 2031 cxxx,
903 1971 1026 2016 exstrux-

98 2040 183 2083 erunt.
231 2031 321 2089 Quum
352 2031 375 2082 is
403 2047 508 2082 mnmm
537 2028 653 2081 hostium
682 2047 767 2099 paene
796 2032 972 2101 contingeret,
998 2042 1026 2085 et

97 2101 195 2152 Caesar
213 2100 246 2152 ad
265 2117 331 2168 opus
348 2098 549 2151 consuetudine⁶
568 2098 712 2151 excubaret
731 2099 885 2169 militesque
904 2101 1025 2155 cohorta-

98 2180 176 2237 retur,
196 2188 229 2221 ne
258 2169 326 2238 quod
354 2170 461 2220 omnino
490 2176 595 2236 tempus
621 2169 656 2220 ab
681 2185 761 2237 opere
788 2170 1025 2240 intermitteretur,

97 2239 186 2307 paullo
204 2248 267 2290 ante
286 2238 391 2290 tertiam
409 2237 529 2304 uigiliam
548 2246 589 2289 est
607 2237 832 2305 animadversum,
854 2239 960 2292 fumare
978 2259 1024 2310 ag-

96 2325 196 2375 gerem,
210 2325 292 2376 quem
310 2307 432 2359 cuniculo
450 2307 540 2358 hostes
558 2306 763 2360 succenderant:
784 2308 935 2378 eodemque
955 2318 1024 2363 tem·

115 2394 159 2429 ore
179 2386 231 2429 toto
250 2394 325 2429 muro
345 2376 461 2428 clamore
486 2375 597 2442 sublato,
617 2376 723 2428 duabus
747 2377 827 2445 portis
849 2378 886 2430 ab
909 2389 1024 2447 utroque

96 2393 179 2498 iittere
199 2447 308 2499 turrium
328 2445 430 2514 eruptio
448 2445 538 2497 fiebat.
575 2444 630 2497 Alii
648 2444 722 2497 faces
739 2455 822 2515 atque
840 2447 947 2501 aridam
964 2466 1024 2502 ma·

126 2614 133 2641 ¹
143 2610 241 2659 Morari
255 2613 384 2666 mulcatos,
398 2621 423 2659 to
435 2614 543 2660 obstruet
555 2612 596 2660 the
607 2628 724 2673 passages
735 2613 763 2661 of
775 2613 816 2662 the
827 2617 935 2664 cunthali
950 2617 1024 2666 made

96 2671 129 2729 by
141 2671 182 2717 the
195 2671 313 2726 Romans,
327 2686 355 2718 so
367 2671 417 2717 that
431 2672 490 2731 they
501 2671 571 2719 could
584 2682 625 2719 not
638 2673 756 2731 approach
768 2673 809 2720 the
821 2673 900 2721 walls.

124 2756 286 2818 ”Perpernae
303 2758 520 2816 ‘uninterrnpted,'
540 2759 701 2818 ‘unbrokem’
722 2759 819 2817 ‘solid‚’
837 2775 865 2809 or
880 2765 923 2809 ‘so
936 2762 1024 2822 joined

96 2816 208 2876 together
220 2832 246 2863 as
257 2825 282 2862 to
294 2832 382 2875 appear
393 2827 418 2863 to
429 2819 459 2864 be
470 2816 498 2864 of
505 2833 551 2864 one
563 2818 647 2876 piace’

125 2901 321 2949 'Reoiocr‘ootor
341 2905 472 2958 introrsus,
498 2903 572 2963 ‘they
592 2919 632 2951 are
656 2904 741 2964 joined
761 2905 874 2964 together
895 2908 929 2966 by
951 2907 1023 2956 other

95 2961 190 3014 bearna,
204 2961 288 3028 placed
300 2962 476 3020 transversely;
495 2962 536 3009 the
548 2978 633 3022 spaces
645 2964 758 3011 between
767 2964 837 3011 these
849 2965 936 3014 beams
948 2967 1024 3028 being

95 3017 163 3066 filled
174 3034 205 3077 up
217 3019 277 3066 with
289 3020 357 3066 earth
369 3020 414 3067 and
426 3022 526 3068 stones.’

124 3105 253 3153 ⁴Alterais
266 3108 369 3153 trabibus
381 3123 408 3154 oc
417 3110 483 3156 soom
500 3107 521 3156 is
537 3107 579 3155 the
595 3108 703 3157 ablativa
719 3107 839 3166 absolute,
854 3111 959 3160 ‘beams
974 3112 1025 3165 and

95 3171 180 3211 stones
191 3162 353 3224 altemating.’

125 3248 324 3316 'Consuetudiao
331 3267 342 3305 ;
359 3251 412 3299 that
428 3252 459 3308 is,
473 3271 517 3314 pro
531 3270 578 3302 aaa
592 3256 769 3312 consuetudine,
788 3258 830 3302 ‘as
846 3253 878 3303 hs
889 3271 945 3306 was
955 3267 1024 3310 wont

97 3313 121 3355 to
132 3306 169 3356 do.
213 3308 268 3356 The
280 3309 386 3357 ablativo
397 3311 418 3359 is
430 3312 471 3360 the
484 3312 588 3361 ablativa
600 3314 628 3362 of
635 3330 716 3363 causa.
