2250 3736
470 267 564 308 urrisu
583 269 603 309 r.
959 250 998 310 39

111 383 179 440 quarto
188 385 365 447 pervenerunt,
378 395 464 446 quum
476 385 503 430 et
517 385 622 446 propter
633 376 743 430 uulnera
755 375 871 429 militurn
884 383 910 428 et
923 393 997 446 pmp·

112 447 141 491 ter
150 447 290 514 sepulturam
303 448 545 498 occisorumnostri
565 447 680 498 triduum
694 447 787 498 morati
800 463 846 497 eos
858 447 933 515 sequi
948 463 996 497 non

111 513 231 576 potuissent.
265 518 365 569 Caesar
383 516 417 567 ad
438 517 568 583 Lingonas
586 515 676 566 literas
694 516 852 583 nuntiosque
869 515 949 580 misit,
963 532 997 566 ne
1042 576 1044 580 v

111 593 145 630 eos
154 580 264 637 frumento
276 602 346 638 neve
359 584 411 636 alia
424 601 451 636 re
463 585 598 653 juvarent:
615 585 660 653 qui
674 585 695 635 si
706 584 845 652 juvissent,
859 601 887 636 se
900 584 997 636 eodem

111 643 209 719 leoqqun
226 655 369 723 helvetios,
384 653 546 706 habiturum.
583 654 644 728 lpse
663 653 748 706 triduo
767 654 916 706 intermisso
934 669 998 706 cum

111 719 204 778 omnibus
215 725 295 792 copiis
307 739 354 775 eos
366 723 443 791 sequi
455 725 551 791 coepit.

120 851 125 860 ¹
137 792 168 840 27.
183 791 288 844 Helvetii
300 793 423 844 omnium
436 808 523 844 rerum
543 792 630 860 inopia
642 790 751 843 adducti
764 791 865 858 legatos
877 789 911 842 de
923 789 997 842 dedi·

110 857 162 907 *uone
171 859 198 912 ad
209 877 269 913 eum
282 862 421 914 miserunt.
451 861 577 918 Quicum
591 877 653 912 eum
668 863 693 912 iu
706 861 799 912 itinere
812 860 998 912 convenissent

110 929 206 1001 tequead
215 931 296 998 pedes
306 930 479 999 projecissent
488 929 695 998 suppliciterque
704 929 785 981 locuti
798 930 894 981 flentes
904 945 998 996 pacem

109 1001 215 1066 petissent,
224 1010 303 1068 atque
313 1015 360 1050 eos
369 999 395 1050 in
405 1015 436 1050 eo
444 998 509 1066 loco,
520 1015 572 1067 quo
585 1007 642 1050 tum
651 1006 749 1067 essent,
760 1015 840 1051 suum
852 997 998 1050 adventum

109 1068 381 1137 exspectarejussisset,¹
390 1076 541 1137 paruerunt.
568 1068 607 1120 Eo
616 1076 757 1136 postquam
765 1068 862 1120 Caesar
870 1068 997 1135 pervenit,

109 1125 195 1203 obsides,
207 1154 286 1205 erma,
300 1154 398 1204 servos,
412 1138 456 1205 qui
469 1137 503 1188 ad
516 1153 562 1188 eos
575 1136 759 1205 perfugissent,
770 1137 897 1205 poposcit.
928 1136 998 1187 Dum

109 1196 141 1245 Μ’
146 1208 316 1273 conquiruntur
326 1216 352 1258 et
361 1207 538 1274 conferuntur,
549 1218 626 1257 nocte
636 1206 795 1258 intermissa⁸
803 1207 907 1257 circiter
915 1203 998 1256 homi·

108 1274 157 1318 num
167 1275 274 1328 miliavr.
285 1275 345 1344 ejus
356 1276 426 1344 pagi,
454 1277 482 1326 ui
494 1275 661 1342 Verbigenus
672 1275 829 1342 appellatur,
840 1274 896 1325 sive
905 1274 999 1324 timore

108 1343 215 1412 perterriti,
235 1361 269 1396 ne
290 1345 372 1398 armis
395 1293 498 1396 traditis
521 1343 650 1412 supplicio
674 1343 850 1410 afficerentur,
871 1343 927 1394 sive
951 1358 999 1410 spe

108 1401 180 1460 salutis
188 1412 290 1482 inducti,
304 1413 375 1483 quod
394 1413 420 1464 in
438 1421 511 1465 tanta
529 1413 700 1464 multitudine
718 1413 906 1465 dediticiorum
922 1428 999 1464 suam

107 1465 177 1548 sugam
191 1491 233 1534 aut
251 1483 385 1551 occultari,
398 1490 444 1534 aut
463 1482 569 1534 omnino
589 1482 701 1549 ignorari
718 1498 796 1550 posse
809 1482 998 1549 existimarent,

107 1549 172 1602 puna
187 1560 258 1604 nocte
276 1569 292 1603 e
311 1552 405 1604 castris
423 1552 605 1603 Helvetiorum
623 1551 723 1618 egressi
733 1551 768 1603 ad
781 1551 906 1603 Rhenum
921 1549 999 1602 fines·

107 1621 147 1674 que
156 1614 336 1673 Germanorum
348 1621 549 1672 contendemnt.

131 1681 166 1752 ,²8·
180 1687 249 1745 Quod
269 1689 314 1742 ubi
333 1691 431 1742 Caesar
449 1692 546 1758 resciit,
560 1705 673 1756 quorum
688 1688 816 1757 perfines
834 1687 936 1756 ierant‚¹
948 1686 998 1756 his,

106 1750 136 1817 ‚¹²¹¹
151 1760 321 1826 conquirerent
340 1766 367 1810 et
388 1758 553 1826 reducerent,
574 1757 596 1809 si
617 1757 667 1809 sibi
685 1758 788 1826 purgati
809 1773 869 1808 esse
889 1756 998 1825 vellent,

105 1825 231 1880 ¹¹¹¹ltravit:
262 1828 386 1880 reductos
415 1827 442 1879 in
469 1827 585 1879 hostium
609 1843 719 1878 numero
744 1826 852 1878 habuit:
884 1826 1000 1894 reliquos

104 1892 177 1957 ⁰{11ss0s
186 1895 328 1964 obsidibus,
343 1896 430 1965 armis,
445 1896 564 1964 perfugis
583 1895 684 1947 traditis
702 1897 729 1948 iu
747 1895 911 1947 deditionem
923 1912 999 1946 acce·

103 1953 147 2012 Pl!
168 1959 304 2032 llelvetios,
318 1965 453 2034 Tulingos,
468 1966 621 2032 Latobrigos
635 1965 660 2016 in
673 1965 741 2016 fines
758 1981 827 2032 suos,
842 1965 912 2016 unde
925 1971 1000 2015 erant

103 2021 198 2100 Ρῖθῖθοῐί,
211 2036 306 2086 reverti
323 2034 404 2101 ussit,
418 2045 444 2086 et
457 2034 528 2102 quod
540 2034 664 2086 omnibus
677 2034 796 2100 frugibus
808 2034 915 2084 amissis
927 2033 999 2085 domi

102 2085 153 2162 nihil
167 2114 222 2171 erat,
242 2120 295 2172 quo
314 2052 414 2155 famem
434 2104 583 2170 tolerarent,
597 2102 784 2170 Allobrogibus
802 2103 950 2170 imperavit,
970 2110 999 2154 ut

100 2148 134 2228 ,¹¹¹⁸
149 2162 263 2225 frumenti
284 2173 387 2241 copiam
409 2172 553 2224 facerent:⁶
573 2173 644 2240 ipsos
663 2172 761 2240 oppida
779 2171 912 2238 vicosque,
932 2187 1000 2238 quos

100 2235 255 2310 ¹¹¹0essderant,
278 2243 417 2293 restituere
440 2242 525 2310 jussit.
562 2241 646 2292 Idea
669 2241 786 2292 maxime
808 2241 906 2291 ratione
927 2239 998 2307 fecit,

99 2298 154 2354 quod
165 2309 240 2362 noluit
254 2328 317 2363 eum
332 2311 428 2379 locum,
444 2312 514 2362 unde
526 2310 642 2362 Helvetii
655 2309 839 2377 discesserunt,
850 2325 953 2374 vacare,
965 2325 999 2359 ne

97 2370 184 2433 psopter
195 2379 339 2432 bonitatem
355 2396 478 2448 agrorum
491 2379 625 2448 Germani,
639 2379 685 2447 qui
704 2387 776 2430 trans
792 2378 915 2430 Rhenum
929 2378 998 2428 inco·
1048 2412 1052 2419 -

104 2476 993 2512 L———ffi

94 2558 181 2670 thg'sFehe
191 2575 284 2633 subject
296 2573 324 2620 of
331 2575 448 2643 jussisset
460 2574 480 2621 is
493 2573 593 2642 Caesar,
606 2573 724 2634 although
735 2573 760 2621 in
776 2574 817 2622 the
833 2574 885 2622 first
901 2583 954 2633 pert
970 2582 994 2621 ot

162 2642 242 2681 ntence
254 2632 295 2679 the
307 2635 402 2692 subject
414 2649 434 2680 rs
446 2633 561 2680 Helvetii.

92 2687 215 2811 ehzffquea
226 2707 284 2754 here
295 2707 428 2765 comprises
439 2706 480 2754 the
491 2723 548 2754 men
559 2723 586 2754 as
597 2705 654 2754 well
671 2722 698 2754 us
715 2705 756 2754 the
774 2722 847 2756 arnus.
879 2705 998 2764 Compare

91 2819 160 2920 ”1²1ss
176 2837 213 2886 the
230 2838 299 2899 night
308 2838 391 2906 'which
408 2853 476 2906 came
493 2839 606 2886 between
618 2838 664 2906 'the
682 2837 786 2897 promise
803 2838 850 2884 and
865 2836 905 2883 the
919 2836 998 2884 actual

117 2891 218 2954 Tretuden
237 2899 289 2945 that
307 2897 431 2954 1s‚1nthe
447 2899 517 2958 night
533 2898 666 2958 following,
679 2913 706 2944 or
722 2897 783 2943 aster
799 2897 857 2956 they
869 2895 916 2943 had
927 2895 997 2942 made

91 2928 145 2987 their
155 2957 261 3006 promise.

90 3008 216 3104 '‘lernnu
235 3030 286 3076 that
299 3029 328 3083 is,
341 3031 377 3077 ire
386 3046 410 3076 co
440 3038 516 3085 erant,
529 3027 565 3076 for
580 3028 711 3076 otherwise
728 3028 769 3075 the
780 3027 861 3075 words
876 3027 996 3087 corquire-

103 3079 135 3116 “ll
146 3085 188 3131 and
199 3091 332 3137 reducerent
342 3088 413 3135 could
442 3104 485 3135 uve
497 3103 528 3134 no
539 3103 619 3134 sense.

115 3152 166 3214 ‘He
176 3174 283 3223 received
294 3175 362 3222 thern
374 3190 401 3221 as
412 3174 471 3233 they
482 3172 641 3221 surrendered
652 3182 677 3220 to
688 3172 739 3220 him
750 3182 774 3220 ut
786 3171 923 3221 discretiori.

89 3236 222 3345 ,js'iffpium
228 3262 312 3320 faeere
321 3274 415 3316 means,
431 3263 471 3306 ‘to
482 3257 544 3305 have
555 3256 648 3316 plenty,
661 3256 708 3305 und
719 3257 791 3305 make
803 3256 885 3305 others
896 3254 996 3314 pertake
