2250 3736
446 281 539 320 urana
561 281 599 321 η.
935 259 991 316 165

88 371 154 426 ⁰lt¹¹⁸
167 378 266 441 Romani
285 389 443 458 postulabat,
463 390 537 443 licus
555 389 613 458 ipse
633 396 689 441 erat
709 384 841 457 pracsidio
861 384 990 454 barbaris,

85 456 169 518 ”mlle
184 471 213 509 eir
228 459 329 512 occulto
348 459 491 511 insidiandi
504 467 530 511 et
543 458 676 527 dispersos
694 455 920 509 circumveniendi
940 456 993 506 sin·

80 508 152 587 3¹¹¹!ss
163 519 242 580 deerat
253 528 375 581 audacia.
411 530 447 581 At
460 529 485 580 in
499 528 630 598 ejusmodi
643 526 851 591 difficultatibus,
861 533 992 594 quantum

79 577 210 647 d¹¹¹gentia
230 598 361 666 provideri
384 607 494 666 poterat,
516 597 704 667 providebatur
712 613 719 665 5
744 603 772 648 nt
793 597 881 664 potius
901 597 928 646 in
948 610 992 644 no·

77 653 166 708 'endo
175 665 268 735 aliquid
281 668 454 735 omitteretur,
468 668 518 719 etsi
530 667 652 717 omnium
664 666 747 717 animi
759 665 793 716 ad
806 664 990 717 ulciscendum

75 713 207 804 ar(lebant,
227 753 310 804 quarn
334 753 396 788 curn
416 736 506 804 aliquo
526 736 686 787 detrimento
706 735 823 787 militurn
844 745 992 786 noceretur.

72 786 174 852 caesa,
187 804 219 856 ad
239 805 366 857 finitimas
385 806 508 858 civitates
526 806 638 856 nuncios
658 805 774 872 dimittit,
794 820 888 855 omnes
907 802 942 854 ad
963 818 993 852 se

71 868 169 939 ⁰th
189 890 235 942 spe
255 874 380 943 praedae,
400 874 434 926 ad
455 872 619 943 diripiendos
641 873 787 942 Eburones,
809 881 837 924 ut
859 873 946 940 potins
966 871 993 923 in

71 920 153 1001 ‘llllss
172 943 305 995 Gallorum
328 943 390 1010 vita,
415 961 496 1012 quarn
521 943 681 1010 legionarius
703 943 790 995 miles¹
814 942 993 1011 periclitetur,

70 1006 156 1069 ⁵¹l¹¹ul
180 1022 214 1080 ut,
236 1029 335 1080 magna
354 1013 523 1066 multitudine
547 1013 715 1082 circumfusa,
737 1029 783 1080 pro
808 1011 854 1063 tali
876 1011 993 1062 facinore

71 1072 429 1140 ⁵1¹tpsa0n0mencivttatis
448 1083 559 1135 tollatur.
596 1082 714 1151 Magnus
734 1082 850 1150 undique
866 1096 994 1133 numems

72 1131 193 1201 celeriter
205 1151 338 1203 convenit.

110 1211 150 1269 35,
167 1221 240 1272 Haec
252 1220 279 1271 in
291 1219 416 1272 omnibus
434 1221 589 1273 Eburonum
601 1219 721 1289 partibus
743 1219 910 1288 gerebantur,
924 1217 995 1270 dies·

76 1289 130 1344 que
138 1289 288 1358 appetebat¹
295 1289 434 1359 septimus,
441 1307 522 1358 quem
532 1289 565 1342 ad
575 1290 648 1342 diem
656 1292 753 1342 Caesar
759 1289 792 1341 ad
800 1289 995 1357 impedimenta

78 1346 259 1427 legionemque
278 1359 374 1411 reverti
392 1360 572 1411 constituerat.
608 1360 667 1428 Hic,
681 1367 810 1428 quantum
823 1359 848 1410 in
861 1358 932 1411 bello
945 1358 994 1409 lor·

81 1424 138 1478 luna
155 1431 236 1496 possit
248 1435 275 1479 et
291 1436 404 1496 quantos
421 1429 516 1481 afferat
534 1446 620 1496 casus,
640 1429 763 1496 cognosci
783 1428 875 1496 potuit.
912 1427 995 1480 Dissi-

83 1495 143 1558 paris
158 1514 190 1549 ac
208 1497 354 1565 perterritis
372 1496 499 1567 hostibus,
513 1507 542 1549 ut
559 1497 810 1566 demonstravimus,
824 1513 920 1549 manus
938 1504 995 1549 erat

84 1563 153 1632 nulla,
173 1583 243 1635 quae
264 1583 371 1634 parvam
397 1567 477 1619 modo
500 1584 609 1619 causam
634 1567 735 1619 timoris
757 1566 874 1617 afferret.
911 1567 995 1618 Trans

82 1628 196 1687 Rhenum
213 1634 246 1686 ad
263 1635 414 1688 Germanos
431 1637 550 1704 pervenit
571 1637 650 1703 sarna,
664 1635 739 1705 diripi
760 1635 899 1687 Eburones
915 1643 995 1702 atque

82 1702 149 1755 ultro¹
160 1721 254 1756 omnes
266 1703 300 1755 ad
313 1704 439 1772 praedam
459 1706 572 1757 evocari.
609 1706 710 1772 Cogunt
723 1705 844 1772 equitum
856 1704 909 1756 duo
922 1704 996 1757 milia

80 1769 210 1842 Sigambri,
235 1773 281 1841 qui
307 1783 366 1825 sunt
390 1775 501 1842 proximi
531 1775 631 1843 Rheno,
657 1791 673 1825 a
696 1773 794 1841 quibus
817 1783 939 1842 receptos
962 1791 996 1828 ex

78 1839 137 1909 luga
156 1843 302 1894 Tencteros
324 1851 405 1911 atque
426 1843 551 1911 Usipetes
571 1861 649 1912 supra
668 1843 808 1895 docuimus
818 1843 835 1894 :⁴
859 1851 996 1896 transeunt

75 1910 196 1964 Rhenum
225 1910 339 1963 navibus
365 1912 525 1983 ratibusque,
543 1931 607 1966 xxx.
634 1912 742 1965 milibus
771 1929 897 1981 passuum
928 1912 996 1965 infra

74 1997 136 2032 eum
149 1980 246 2047 locum,
256 1979 301 2032 ubi
315 1991 444 2048 ponserat
457 1982 601 2050 perlectus⁶
609 1982 825 2050 praesidiumque
837 1982 872 2034 ab
881 1983 996 2034 Caesare

72 2049 210 2102 relictum:
235 2050 344 2117 primos⁶
364 2050 517 2103 Eburonum
539 2052 607 2103 fines
626 2052 734 2119 adeunt,
757 2052 855 2103 multos
872 2069 906 2104 ex
925 2052 997 2119 luga⁷

71 2119 207 2187 dispersos
224 2118 367 2187 excipiunt,
381 2136 478 2186 magno
495 2121 598 2189 pecoris
616 2137 735 2188 numero,
749 2119 826 2172 cn‘ns
845 2132 906 2173 sunt
924 2123 997 2190 cupi·

70 2188 178 2240 dissimi
203 2186 315 2255 barbari,
342 2189 484 2256 potiuntur.
528 2190 635 2241 Invitati
659 2189 759 2258 praeda
794 2190 887 2256 ongius
907 2207 997 2259 proce-

69 2258 154 2310 dunt:
176 2274 226 2308 non
240 2255 289 2308 hos
302 2258 386 2324 palus,
401 2257 426 2308 in
447 2257 518 2309 bello
536 2257 733 2327 latrociniisque
752 2266 834 2325 natos,
848 2276 899 2310 non
913 2259 997 2312 silvae

69 2335 227 2380 morantur:
246 2325 345 2394 quibus
364 2326 390 2378 in
409 2327 473 2378 locis
492 2328 525 2378 sit
544 2329 649 2397 Caesar,
669 2328 833 2395 excepticia
851 2337 998 2397 quaerunt,

68 2393 222 2466 profectum
234 2394 337 2462 longius
356 2396 487 2464 reperiunt
505 2413 667 2465 omnemque
680 2399 825 2448 exercitum
839 2397 997 2449 discessisse

69 2473 245 2531 cognoscunt.
283 2466 371 2531 Atque
390 2482 459 2516 nnus
478 2483 512 2517 ex
530 2467 648 2534 captivis,
663 2466 726 2534 quid
740 2483 794 2533 vos,
815 2465 907 2534 inquit,
927 2466 998 2519 hanc

68 2534 200 2586 miseram
212 2550 244 2584 ac
258 2541 366 2585 tenuem
384 2535 523 2586 sectamini
536 2535 671 2603 praedam,
685 2535 783 2604 quibus
795 2533 856 2587 licet
867 2533 923 2604 jam
936 2552 997 2588 esse

69 2601 308 2661 fortunatissimis?
351 2602 446 2654 Tribus
468 2603 540 2655 horis
562 2604 731 2656 Aduatucam
755 2605 846 2656 venire
870 2606 996 2672 potestis:

103 2729 177 2776 ¹The
196 2730 344 2778 nominative
363 2733 373 2778 l
401 2732 510 2779 marius
528 2734 594 2780 miles
611 2733 631 2780 is
650 2732 744 2780 abrici
756 2732 802 2779 and
818 2733 914 2780 concise
925 2735 997 2782 mods

68 2789 240 2898 ffilquaking,
254 2789 348 2836 instead
364 2805 378 2837 o
407 2790 447 2837 the
465 2806 531 2837 more
550 2791 637 2851 logical
653 2792 793 2850 expression
804 2793 854 2839 oitc
870 2794 998 2854 legionarii

101 2920 238 2982 ’Apparere
247 2919 356 2980 signifies
371 2925 410 2968 ‘tc
421 2921 559 2980 approach,’
573 2922 703 2981 especially
715 2922 738 2969 in
749 2922 871 2971 reference
883 2932 908 2972 to
919 2924 986 2973 tirno.

101 2992 194 3040 'Ultro
211 2993 329 3040 indicates
346 2992 398 3040 that
418 3010 465 3054 any
480 3009 526 3042 one
542 2995 620 3056 might
639 3011 716 3052 come,
734 2995 836 3044 without
853 2997 927 3058 being
942 3012 996 3057 spe·

67 3051 146 3110 rially
158 3051 318 3099 commanded
328 3067 355 3099 or
365 3053 441 3103 called
454 3069 526 3112 upon.

100 3124 169 3172 ‘See
180 3125 212 3171 iv.
225 3127 261 3171 16.

101 3200 111 3227 ⁸
124 3196 246 3257 Perfectus
257 3196 314 3244 herc
325 3196 346 3244 is
358 3197 399 3245 the
410 3214 477 3246 same
489 3215 515 3247 as
525 3201 609 3261 factus
620 3216 647 3248 or
658 3209 800 3248 contractas.

101 3269 230 3326 ‘Primam¹
249 3268 302 3316 that
314 3269 343 3327 is,
357 3271 426 3318 those
438 3272 519 3320 which
531 3289 595 3321 were
606 3282 701 3321 nearest
714 3282 739 3321 to
750 3273 825 3322 thern.

104 3341 239 3405 'Essiam
253 3341 433 3407 ‘immediately
444 3344 523 3404 aster‚'
536 3362 564 3396 or
577 3347 616 3397 ‘in
626 3362 795 3409 consequence
802 3347 830 3397 ol
835 3346 902 3396 their
907 3346 995 3408 night.
