2250 3736
70 240 125 298 178
370 255 410 294 pe
433 254 529 293 suono
550 253 687 294 oaaurco.

65 373 190 436 equestre
205 361 363 417 committit:
384 362 565 415 laborantibus
583 361 638 432 jam
657 362 712 414 suis
723 362 877 414 Germanos
889 364 991 432 equites

65 437 170 488 circiter
188 451 264 486 cccc.
285 433 435 500 submittit,¹
453 449 520 501 quos
540 432 574 484 ab
589 433 660 483 initio
681 448 776 483 secum
797 432 900 484 habere
922 435 991 486 iusti·

65 515 161 558 tuerat.
199 505 297 556 Eorum
320 503 452 571 impetum
463 502 534 554 Galli
546 503 677 553 sustinere
690 517 739 552 nou
754 510 900 568 potuerunt
912 511 992 571 atque

65 575 91 627 in
112 574 202 640 sugam
223 572 344 641 conjecti,
364 571 455 623 multis
470 572 584 638 arnissis,
598 588 627 622 se
645 570 679 623 ad
699 587 798 636 agmen
817 586 991 640 receperunt:

64 643 163 712 quibus
186 642 339 710 profligatis,
365 657 454 692 rursus
477 640 602 708 oppidani
628 640 758 708 perterriti
782 641 993 708 comprehensos

65 729 119 780 eos,
133 729 245 780 quorum
258 728 338 779 opera
350 709 459 779 plebem
472 711 633 761 concitatam
651 709 849 776 existimabant,
871 711 907 761 ad
929 712 993 763 Cae·

65 799 153 834 sarem
179 781 358 850 perduxerunt
383 795 497 846 seseque
521 779 547 830 ei
571 778 739 830 dediderunt.
781 778 889 836 Quibus
914 781 995 834 rebus

65 851 200 918 confectio,
212 851 309 902 Caesar
321 849 354 900 ad
367 847 494 916 oppidum
509 848 674 916 Avaricum,⁹
685 847 826 915 quoderat
840 850 993 902 maximum

64 920 328 987 munitissimumque
352 919 378 970 iu
402 918 502 969 finibus
526 916 673 984 Biturigum
698 925 780 984 atque
803 918 859 984 agri
885 918 993 970 fertilis·

65 991 133 1042 sima
155 990 268 1056 regione,
291 987 425 1057 proiectus
446 996 502 1054 est,
521 986 600 1054 quod,
621 1003 652 1037 eo
673 986 769 1054 oppido
791 995 909 1056 recepto,
930 990 996 1040 civi·

65 1068 148 1112 tatem
163 1059 309 1126 Biturigum
323 1075 352 1108 se
366 1058 390 1109 in
403 1065 561 1124 potestatem
576 1057 747 1108 redacturum
759 1057 922 1109 confidebat.

104 1135 142 1181 14.
162 1128 369 1195 Vercingetorix,
387 1134 433 1178 tot·
445 1127 576 1177 continuis
597 1125 772 1176 incommodis
784 1125 995 1196 Vellaunoduni,

65 1198 177 1265 Getrabi,
203 1196 353 1249 Novioduni
376 1196 503 1264 acceptis,
529 1211 591 1246 suos
621 1194 655 1246 ad
681 1195 826 1246 concilium
852 1205 996 1248 convocat.

65 1268 157 1335 Docet,
172 1267 248 1333 longe
266 1266 319 1317 alia
336 1266 436 1317 ratione
453 1282 513 1316 esse
531 1263 634 1316 bellum
647 1263 804 1332 gerendum,
817 1272 901 1332 atque
914 1274 997 1317 antea

65 1337 100 1389 sit
117 1346 239 1404 gestum:
259 1335 384 1387 omnibus
404 1333 491 1385 modis
511 1333 574 1385 huic
595 1334 632 1384 rei
654 1333 824 1402 studendum,
839 1345 867 1385 ut
881 1334 997 1403 pabula·

65 1408 137 1458 tione
161 1415 188 1456 et
212 1413 365 1456 commeatu
389 1403 500 1456 Romani
526 1401 730 1471 prohibeantur:
762 1403 788 1454 id
815 1420 877 1454 esse
903 1404 995 1473 facile,

65 1475 135 1543 quod
157 1474 277 1542 equitatu
300 1474 351 1541 ipsi
370 1473 516 1539 abundent,
536 1481 562 1523 et
580 1472 651 1540 quod
671 1473 734 1524 anni
755 1473 887 1541 tempore⁸
904 1474 997 1526 suble·

65 1554 176 1596 ventur:
208 1543 337 1611 pabulum
364 1542 448 1594 secari
474 1559 525 1594 nou
554 1558 647 1610 posse,
677 1543 827 1593 necessario
857 1541 998 1611 dispersos

65 1613 156 1667 hostes
173 1629 206 1664 ex
222 1612 354 1664 aedificiis
371 1621 462 1680 petere
472 1612 488 1663 :⁴
506 1611 553 1663 hos
570 1628 664 1662 omnes
676 1611 794 1679 quotidie
806 1611 842 1663 ab
854 1612 998 1680 equitibus

65 1682 149 1734 deleri
163 1699 248 1750 posse.
286 1682 427 1733 Praeterea
445 1681 537 1732 salutis
553 1697 635 1732 causa
647 1682 685 1732 rei
699 1680 837 1732 familiaris
849 1682 998 1734 commoda

65 1751 240 1819 negligenda,
273 1752 345 1802 vicos
373 1759 455 1818 atque
484 1750 607 1801 aedificia
637 1749 743 1801 incendi
772 1759 913 1818 opportere
945 1751 998 1803 hoc

66 1822 170 1889 spatio,⁶
192 1837 209 1870 a
235 1821 297 1872 Boia
321 1836 427 1888 quoquo
448 1836 548 1885 versus,
571 1835 624 1886 quo
647 1819 793 1887 pabulandi
816 1835 901 1871 causa
921 1821 998 1872 adire

66 1907 144 1959 posse
168 1890 318 1941 videantur.
363 1890 463 1941 Harum
491 1890 556 2009 ipsrs
583 1889 682 1940 rerurn‘⁵
707 1889 813 1956 copiam
840 1898 997 1959 suppetere,

66 1959 145 2028 quod,
175 1975 287 2026 quorum
320 1959 345 2010 iu
377 1958 475 2011 finibus

67 2028 256 2080 subleventur:
278 2029 412 2080 Romanos
431 2037 477 2079 aut
499 2026 613 2095 inopiam
635 2044 685 2078 non
708 2027 813 2095 laturos,
831 2037 877 2079 aut
896 2045 998 2097 magno

66 2115 129 2151 curn
151 2097 267 2167 periculo
287 2098 392 2164 longius
412 2096 447 2148 ab
468 2097 561 2148 castris
581 2113 779 2166 progressuros:
802 2113 892 2164 neque
915 2100 998 2150 inter·

67 2185 136 2236 esse,
161 2167 267 2235 ipsosne
298 2167 465 2235 interficiant,
491 2167 737 2234 impedimentisne⁷
763 2176 870 2235 exuant,
897 2167 999 2236 quibus

16 2259 27 2279 ο
66 2237 174 2288 amissis
195 2236 295 2288 bellum
320 2237 375 2304 geri
400 2253 451 2286 non
477 2236 568 2304 possit.
606 2236 747 2288 Praeterea
767 2236 866 2304 oppida
887 2236 999 2289 incendi

67 2314 195 2374 oportere,
217 2323 286 2373 quae
311 2322 361 2357 non
388 2306 534 2356 munitione
558 2314 585 2356 et
607 2305 657 2356 loci
679 2313 772 2356 natura
792 2304 827 2357 ab
848 2307 922 2357 ornni
944 2307 998 2361 siut

67 2374 186 2444 periculo
208 2383 279 2443 tuta,
299 2392 352 2426 neu
373 2375 429 2426 suis
449 2374 501 2425 sint
522 2373 557 2425 ad
578 2374 790 2425 detractandam⁸
809 2374 936 2427 militiam
957 2393 999 2428 re·

523 1957 606 2008 ellum
632 1966 746 2025 geratur,
775 1975 867 2010 eorum
899 1959 998 2027 opibus

98 2501 256 2548 ¹Submittere
267 2501 287 2548 is
304 2501 346 2548 the
364 2517 431 2548 same
448 2517 474 2548 as
486 2503 577 2549 cnsilio
587 2503 679 2548 mittere
686 2518 696 2558 ;
715 2504 766 2557 sub,
779 2502 804 2548 in
821 2504 997 2562 composition,

67 2559 205 2618 frequently
218 2560 306 2619 having
318 2561 359 2607 the
371 2561 484 2620 meaning
495 2560 523 2607 of
533 2567 538 2586 ‘
549 2561 674 2619 support.'·

96 2634 106 2661 ²
115 2632 252 2686 Auaricum,
263 2632 303 2679 the
312 2633 398 2690 capital
408 2633 435 2680 os
441 2633 481 2680 the
490 2633 622 2693 Bituriges,
632 2649 663 2680 on
671 2633 711 2680 the
719 2633 781 2680 river
790 2634 874 2680 Avera
883 2634 998 2694 (Euvre),

68 2705 119 2738 was
131 2691 272 2738 afterwards
284 2691 361 2738 called
373 2691 508 2751 Biturigae,
522 2693 623 2740 whence
635 2694 667 2740 its
679 2692 779 2740 modern
791 2709 861 2740 name
873 2693 999 2755 Bourges.

97 2765 185 2821 ⁸Aryni
195 2773 302 2825 tempore,
317 2765 334 2811 it
346 2765 419 2824 being
430 2765 455 2811 in
467 2765 508 2812 the
520 2765 594 2824 depth
606 2765 634 2812 os
642 2766 737 2812 winter.
769 2765 816 2812 See
828 2765 869 2812 vii.
881 2769 905 2814 8.

98 2837 218 2892 ‘Petere;
236 2837 323 2896 supply
332 2840 451 2899 pabulum.

97 2915 106 2941 ⁶
116 2912 168 2958 Hoc
178 2914 273 2972 spot1b;
287 2912 356 2959 these
367 2913 446 2959 words
456 2928 496 2959 arc
507 2913 635 2971 explained
646 2914 679 2972 by
687 2913 752 2959 what
761 2913 871 2970 follows;
885 2919 997 2976 namely,

71 2970 146 3017 ‘from
159 2970 199 3016 the
212 2970 323 3029 territory
333 2971 360 3017 os
368 2971 409 3018 the
422 2971 511 3018 Boiaos
523 2971 567 3026 (sor
576 2972 636 3019 Boio
645 2972 666 3018 is
674 2972 715 3018 the
725 2988 792 3019 same
804 2989 831 3020 us
840 2982 906 3020 terro
914 2975 998 3034 Boia,·

69 3044 111 3077 see
123 3029 155 3075 iii.
168 3032 190 3084 9,
204 3041 260 3077 note
272 3034 304 3085 5),
319 3031 343 3076 in
354 3030 386 3077 all
398 3031 537 3086 directions,
552 3047 578 3078 as
590 3030 625 3077 sar
636 3031 682 3086 as,’
697 3031 745 3077 duc.
770 3067 772 3071 .

97 3101 212 3148 ‘Horum
223 3119 300 3149 rerum
311 3103 385 3150 refers
398 3120 428 3151 no
440 3104 489 3151 less
501 3114 525 3150 to
537 3105 584 3151 vici
594 3104 640 3151 and
651 3105 758 3164 aedificia
770 3103 827 3150 than
839 3113 865 3152 to
873 3109 998 3167 pabulum.

97 3173 214 3221 'Ne-ne
224 3175 244 3221 is
254 3175 311 3222 here
321 3177 381 3223 used
391 3177 426 3224 sor
435 3178 476 3224 the
488 3192 554 3223 more
566 3192 680 3224 common
691 3176 832 3235 expression
841 3187 998 3230 utrum-on.

68 3245 262 3352 in⁶tsseqrprqtaqe
276 3248 317 3294 the
334 3264 401 3296 sume
418 3267 445 3298 os
457 3245 593 3307 detrectare,
609 3255 649 3297 ‘to
666 3249 737 3298 avoid
748 3265 775 3297 or
785 3249 881 3300 decline
897 3254 998 3316 serving

209 3322 232 3366 y.
