2250 3736
119 235 159 294 64
404 254 445 292 oa
467 253 563 295 nanno
585 253 723 295 escoron.

101 361 230 433 proficisci
247 361 339 433 jubet:
364 363 393 415 C.
407 362 571 415 Trebonium
591 378 652 414 cum
674 362 731 431 pari
751 361 892 430 legionum
917 380 1032 419 numero

99 432 132 485 ed
157 449 219 484 eam
244 432 388 501 regionem,
413 449 482 500 quae
506 432 656 485 Aduatucis
679 432 785 500 adjacet
808 433 1031 502 depopulandam

99 502 194 555 mittit:
220 501 277 570 ipse
299 518 363 554 cum
383 502 491 569 reliquis
511 501 595 554 tribus
615 501 649 553 ad
670 502 773 554 fiumen
792 500 942 573 Scaldem‚¹
960 503 1031 572 quod

98 572 184 626 influit
208 571 235 623 in
258 572 373 640 Mosam,
399 579 586 638 extremasque
604 571 766 623 Arduennae
791 582 882 639 partes
906 573 945 626 ire
970 591 1031 625 ecn-

98 642 190 710 stituit‚
216 658 268 709 quo
298 658 361 693 cum
385 642 479 709 paucis
508 640 644 708 equitibus
667 640 817 709 proiectum
839 641 1028 710 Ambiorigem

97 710 232 763 audiebat.
269 711 418 763 Discedens
438 720 496 778 post
516 710 591 761 diem
607 711 762 778 septimum²
778 727 838 762 sese
856 728 1027 766 reversurum

98 781 252 832 confirmat:
271 798 353 849 quam
373 780 407 831 ad
427 780 500 832 diem
519 780 544 830 ei
562 779 667 849 legioni,
681 796 751 847 quae
764 779 790 830 in
803 780 939 848 praesidio
953 782 1026 834 relin-

97 850 237 918 quebatur,
251 850 416 902 frumentum
434 849 526 901 deberi
540 849 651 901 sciebat.
688 848 837 901 Labienum
850 850 1026 904 Trebonium·

116 937 150 971 ue
163 919 288 988 hortatur,
302 922 324 971 si
338 919 509 988 reipublicae³
521 917 662 970 commodo
680 917 769 969 lacere
787 920 897 987 possint,
911 921 947 972 ad
967 937 1025 974 eam

96 935 171 1041 diem
195 998 375 1056 revertantur3
405 997 433 1040 ut
457 1004 547 1040 rursus
575 988 772 1040 communicato
801 988 914 1040 consilio
938 990 1025 1059 explo-

97 1059 213 1127 ratisque
237 1059 355 1110 hostium
378 1057 524 1111 rationibus
543 1056 617 1110 aliud
637 1056 703 1109 belli
722 1058 828 1110 initium
848 1074 948 1127 capere
969 1076 1025 1129 pos·

97 1137 165 1180 sem.

132 1201 175 1248 34.
194 1197 265 1264 Erat,
288 1204 317 1248 ut
341 1213 421 1264 supra
445 1195 695 1262 demonstravimus,
718 1197 823 1248 manus⁴
846 1205 921 1248 certa
944 1197 1025 1266 nulla,

96 1282 151 1320 non
163 1266 298 1335 oppidum,
313 1282 365 1317 non
377 1265 548 1334 praesidium,
562 1265 632 1334 quod
651 1282 680 1316 se
699 1265 782 1317 armis
799 1265 960 1319 defenderet
979 1268 1025 1320 sed

97 1337 126 1388 in
143 1352 237 1387 omnes
255 1344 344 1403 partes
368 1335 489 1404 dispersa
506 1335 658 1387 multitudo.
695 1334 748 1387 Ubi
767 1335 864 1403 cuique
883 1345 930 1388 aut
949 1337 1026 1391 vallis

96 1405 195 1473 abdita,
208 1414 253 1456 aut
266 1405 341 1455 locus
353 1404 489 1472 silvestris,
503 1412 548 1455 aut
561 1404 637 1472 palus
656 1404 786 1471 impedita
803 1422 880 1473 spem
900 1406 1027 1474 praesidii

96 1482 144 1526 aut
163 1475 255 1525 salutis
272 1474 391 1542 aliquam
410 1473 547 1542 oflerebat,
567 1473 733 1526 consederat.
769 1474 845 1526 Haec
862 1473 921 1526 loca
935 1476 1026 1528 vicini·

97 1543 206 1596 tatibus⁶
224 1551 299 1595 erant
316 1551 385 1612 nota,
404 1559 584 1611 magnamque
610 1559 652 1594 res
674 1541 840 1610 diligentiam
864 1545 1026 1615 requirebat,

97 1630 149 1666 non
167 1613 195 1664 in
213 1629 320 1665 summa
338 1613 471 1664 exercitus
489 1612 607 1681 tuenda,⁶
619 1611 734 1682 (nullum
753 1612 827 1664 enim
844 1622 949 1681 poterat
967 1615 1027 1666 uni·

96 1682 182 1734 versis
199 1682 234 1734 ab
252 1683 397 1750 perterritis
414 1699 447 1733 ac
464 1681 592 1749 dispersis
610 1681 759 1749 periculum
779 1682 916 1750 accidere)
931 1684 980 1736 sed
999 1684 1028 1739 iu

24 1798 26 1802 .
97 1751 209 1819 singulis
226 1751 358 1804 militibus
375 1750 578 1818 conservandis3
597 1766 667 1818 quae
686 1760 776 1803 tamen
795 1768 829 1803 err
846 1760 922 1820 parte
936 1768 980 1804 res
991 1753 1028 1807 ad

98 1820 213 1873 salutem
237 1821 371 1873 exercitus
393 1819 553 1889 pertinebat.
600 1821 672 1872 Nam
696 1829 723 1871 et
746 1821 861 1888 praedae
891 1821 1029 1889 cupiditas

97 1890 196 1942 multos
214 1889 318 1957 longius
336 1890 472 1958 evocabat,
491 1899 518 1940 et
536 1889 619 1941 silvae
637 1889 745 1940 incertis
763 1890 929 1960 occultisque
948 1891 1028 1943 itine-

97 1959 171 2012 ribus
189 1959 321 2010 confertos
344 1959 417 2010 adire
436 1957 619 2027 prohibebant.
656 1957 680 2009 Si
699 1959 835 2025 negotium
854 1959 950 2012 confici
968 1961 1028 2013 stir-

97 2045 215 2098 pemque
238 2028 376 2080 hominum
402 2029 590 2080 sceleratorum
609 2027 720 2079 interfici
738 2027 827 2098 vellet,
847 2028 1029 2082 dimittendae

98 2098 188 2166 plures
211 2114 307 2150 manus
330 2097 527 2165 diducendique
551 2106 626 2148 erant
649 2097 764 2149 milites:
790 2098 813 2149 si
832 2099 972 2151 continere
991 2099 1030 2154 ad

98 2167 174 2234 signa
185 2167 336 2235 manipulos
348 2167 437 2235 vellet,
451 2175 480 2218 ut
499 2166 618 2218 instituta
636 2169 701 2217 ratio
719 2177 746 2218 et
764 2167 930 2219 consuetudo
950 2186 1030 2223 exer·

99 2300 163 2332 were
175 2284 303 2390 oripinally
310 2283 394 2344 joined
404 2294 429 2330 to
440 2283 481 2330 the
493 2282 626 2341 participle,
640 2299 704 2330 were
716 2294 757 2343 yet
768 2285 875 2333 retained
887 2286 912 2333 in
923 2303 1018 2336 conver

98 2343 202 2392 sational
222 2358 340 2403 anguege,
353 2342 454 2389 whence
466 2358 503 2389 we
515 2341 581 2388 often
592 2342 641 2390 find
652 2346 684 2390 ad
694 2360 777 2391 versus
788 2359 815 2391 or
823 2346 849 2392 in
860 2362 955 2394 versas.

129 2416 240 2464 1ιςεαῑιίἱε
252 2417 273 2464 is
284 2416 326 2464 the
335 2416 435 2463 modern
444 2415 556 2470 schalde,
565 2431 603 2462 em
622 2425 630 2462 t
649 2416 690 2476 ing
698 2417 767 2464 itsels
774 2418 825 2465 into
836 2417 877 2465 the
889 2435 933 2466 sea
944 2420 1030 2468 below

99 2475 228 2542 Antwerp.
261 2474 375 2522 Caesar's
391 2474 537 2533 description
548 2474 592 2521 has
605 2432 648 2522 iod
655 2486 843 2543 commentators
854 2487 880 2525 to
891 2477 935 2525 the
947 2480 1030 2528 belief

98 2534 151 2582 that
163 2533 310 2593 originallya
319 2532 409 2580 branch
418 2533 446 2580 os
453 2533 494 2581 the
505 2532 608 2581 Schelde
620 2534 707 2581 fiowed
718 2545 769 2582 rnto
781 2536 821 2582 the
831 2535 936 2594 Meuse;
952 2539 997 2586 but
1010 2540 1030 2587 it

90 2603 166 2641 must
177 2592 254 2639 either
263 2593 293 2639 be
305 2591 426 2650 supposed
438 2592 490 2639 that
499 2592 540 2639 the
548 2592 628 2640 whole
637 2602 739 2652 country
746 2595 858 2642 between
868 2595 910 2643 the
919 2596 1030 2646 Schelde

99 2652 146 2700 end
158 2651 246 2698 Mense
257 2650 301 2698 has
313 2651 416 2709 entirely
425 2650 534 2711 changed
546 2651 577 2699 its
588 2661 671 2710 aspect
682 2652 749 2699 since
760 2653 801 2700 the
813 2653 873 2712 days
885 2654 912 2702 of
921 2655 1029 2716 Caesar,

98 2727 126 2759 or
137 2711 188 2759 that
202 2709 293 2758 Caesar
305 2725 355 2757 was
366 2709 489 2756 misteken
499 2710 525 2757 in
535 2710 622 2770 saying
632 2714 694 2770 quod
704 2712 785 2773 influit
796 2714 823 2760 io
831 2712 936 2762 Mosam.

128 2783 206 2832 'Post
217 2785 277 2831 diem
287 2785 422 2844 septimumr
441 2782 529 2863 supply
540 2784 679 2851 inchoarem,
692 2799 720 2832 so
735 2784 788 2832 that
799 2785 818 2832 it
829 2787 947 2836 becomes
958 2788 1029 2848 equi-

99 2843 181 2892 valent
191 2853 218 2891 to
232 2849 278 2888 ‘on
288 2842 330 2889 the
341 2841 444 2901 severrth
455 2841 510 2901 day.
553 2841 600 2890 See
611 2858 644 2891 vr.
656 2845 692 2891 35.

128 2917 137 2944 ¹
148 2915 268 2973 Compare
280 2929 302 2961 v.
314 2917 353 2971 46,
366 2923 423 2961 note
434 2917 457 2961 6.

117 2986 254 3094 1⁴M⁰tt¹tst
270 2987 323 3034 that
334 2987 364 3043 is,
375 3003 390 3034 a
400 2986 521 3035 sufficient
532 2989 634 3036 number
645 2987 673 3036 of
679 2987 782 3037 soldiers
792 2991 934 3039 assembled
945 2991 972 3041 in
982 3010 1030 3043 one

99 3061 115 3107 p
126 3062 176 3094 ace.

129 3117 294 3166 ‘Vicinitotee
305 3119 363 3166 here
374 3119 395 3166 is
409 3118 451 3166 the
468 3134 535 3167 same
553 3135 580 3167 as
597 3120 678 3176 enini,
692 3120 733 3168 the
750 3121 856 3168 abstract
873 3121 950 3183 being
967 3125 1031 3175 used

101 3178 196 3226 instead
207 3177 234 3225 os
246 3177 287 3224 the
299 3187 419 3225 concrete.

101 3251 214 3372 “giffar
225 3251 255 3307 is,
272 3250 311 3297 ‘in
321 3249 363 3298 the
374 3265 428 3299 care
439 3250 475 3298 sor
486 3250 528 3299 the
539 3251 674 3311 protection
684 3251 712 3299 os
720 3251 763 3300 the
774 3251 855 3301 whole
865 3268 933 3303 mass
945 3255 975 3304 of
987 3257 1030 3306 the
