2250 3736
132 239 192 298 214
435 256 476 294 nn
498 255 595 293 annno
615 253 753 293 cnnnrco.

130 364 265 435 conjuncti
289 364 358 418 inter
375 380 404 416 se
423 371 503 432 atque
523 363 669 432 implicati3
693 379 747 432 quo
767 360 812 430 qui
834 361 1006 433 intraverant,
1032 381 1062 417 so

130 436 181 505 ipsi
205 434 368 487 acutissimis
388 434 466 485 vallis
489 432 654 486 induebant.¹
689 433 745 484 Hos
764 433 858 500 cippos
877 434 1061 501 appellabant.

130 507 201 558 Arte
214 504 269 573 hos,
283 503 398 571 obliquis
409 503 546 555 ordinibus
560 503 586 554 in
598 505 780 571 quincuncem
792 501 1062 572 dispositis,scrobes¹

129 576 209 626 trium
234 574 258 624 in
283 572 452 624 altitudinem
477 572 578 640 pedum
602 572 778 639 fodiebantur,
798 571 939 639 paullatim
963 590 1061 639 angus·

129 644 194 696 tiore
207 643 240 694 ad
254 642 378 694 intimum
391 641 505 710 fastigio.
542 641 602 693 Huc
614 650 713 693 teretes
732 641 845 708 stipites,
861 640 972 693 femini-s
990 659 1061 694 cras·

129 713 252 781 situdine,
266 712 301 764 ab
317 728 422 763 summo
438 711 575 779 praeacuti
594 719 621 762 et
639 711 763 780 praeusti,
784 709 997 762 demittebantur
1015 712 1060 781 ita,

129 791 157 834 ut
182 799 232 833 non
256 781 373 849 amplius
396 780 487 847 digitis
510 789 622 848 quatuor
636 797 670 832 ex
685 788 754 831 terra
777 781 942 832 eminerent:
969 781 1060 850 simul,

128 850 301 904 confirmandi
315 859 341 900 et
355 849 504 901 stabiliendi
520 866 609 918 causa,
623 849 718 916 singuli
737 848 771 901 ab
789 849 880 901 infimo
899 849 955 900 solo
974 853 1061 918 pedes

129 927 197 971 terra
209 918 431 971 exculcabantur:
452 919 553 986 reliqua
571 936 632 987 pars
650 918 749 970 scrobis
761 918 795 970 ad
808 918 984 971 occultandas
997 919 1060 971 insi·

127 989 187 1041 dias
199 989 345 1040 viminibus
357 1004 389 1042 ac
401 987 522 1055 virgultis
535 987 711 1055 integebatur.
748 987 836 1056 Hujus
848 989 955 1055 generis
968 989 1059 1041 octoni

127 1058 233 1110 ordines
250 1057 331 1126 ducti,
346 1065 434 1108 ternos
452 1057 519 1109 inter
531 1074 560 1108 se
579 1057 663 1124 pedes
681 1056 825 1109 distabant.
862 1057 893 1109 ld
912 1073 946 1109 ex
965 1058 1060 1110 simili·
1120 1065 1124 1084 '

127 1128 219 1179 tudine
240 1127 312 1178 floris
332 1125 416 1178 lilium
436 1125 615 1195 appellabant.
651 1127 723 1178 Ante
743 1124 811 1178 haec
832 1126 939 1194 taleae,⁸
957 1127 1060 1195 pedem

126 1195 231 1264 longae,
250 1195 344 1246 ferreis
367 1195 456 1247 hamis
479 1195 573 1263 infixis,
593 1202 663 1247 totae
683 1195 709 1246 in
729 1202 826 1246 terram
850 1194 1058 1266 infodiebantur,

126 1264 360 1333 mediocribusque
373 1265 531 1317 intermissis
543 1265 643 1334 spatiis,
657 1264 781 1317 omnibus
799 1265 866 1317 locis
883 1264 1056 1320 dissereban-

126 1343 175 1401 tur,
190 1350 257 1402 quos
269 1333 391 1385 stimulos
402 1333 584 1385 nominabant.

162 1409 204 1456 74.
229 1403 278 1454 llis
303 1403 382 1455 rebus
405 1403 538 1471 perfectis,
563 1403 684 1470 regiones
715 1410 823 1455 secutus
854 1420 938 1472 quam
1004 1405 1056 1457 tuit

126 1472 304 1542 aequissimas
321 1489 367 1540 pro
386 1471 437 1522 loci
455 1481 556 1540 natura,
570 1489 627 1525 x1v.
647 1471 723 1524 milia
741 1489 868 1540 passuum
889 1490 1056 1544 compertus,

125 1559 205 1611 pares
217 1541 341 1610 ejusdem
352 1541 467 1608 generis⁴
479 1541 648 1611 munitiones,
661 1541 782 1593 diversas
793 1541 828 1594 ab
841 1541 890 1607 his,
906 1552 997 1595 contra
1010 1561 1056 1596 ex·

126 1612 251 1663 teriorem
262 1609 378 1663 hostem⁶
390 1610 509 1678 perfecit,
518 1617 546 1661 ut
558 1627 592 1662 ne
605 1615 704 1678 magna
716 1611 827 1679 quidem
838 1611 1023 1683 multitudine,
1033 1613 1057 1666 si

125 1680 163 1732 ita
179 1680 284 1732 accidat
302 1678 361 1748 ejus
379 1680 519 1745 discessu‚⁶
530 1680 710 1732 munitionum
722 1680 856 1749 praesidia
874 1682 1056 1735 circumfundi

125 1757 248 1818 possent:
274 1765 327 1800 neu
345 1766 408 1801 cum
427 1748 545 1817 periculo
564 1765 598 1801 ex
616 1750 710 1801 castris
733 1749 824 1818 egredi
843 1759 978 1820 cogantur,
998 1751 1056 1805 die·

125 1835 184 1870 rum
201 1835 266 1871 xxx.
283 1816 412 1886 pabulum
430 1819 648 1887 frumentumque
664 1818 764 1872 habere
783 1836 878 1871 omnes
894 1830 1056 1875 convectum

128 1887 209 1940 'ubet

124 1904 134 1958 J
161 1962 203 2008 75.
223 1956 295 2008 Dum
312 1954 380 2007 haec
404 1955 438 2008 ad
456 1956 577 2009 Alesiam
601 1963 736 2026 geruntur,
755 1956 833 2026 Galli,
853 1957 965 2010 concilio
983 1959 1055 2027 prin·

126 2026 216 2094 cipum
236 2025 343 2094 indicto,
358 2042 409 2077 non
428 2042 530 2095 omnes,
543 2025 589 2093 qui
607 2043 682 2078 arma
694 2025 763 2079 ferre
775 2035 891 2096 possent,
905 2036 933 2080 ut
947 2029 1055 2082 censuit

126 2093 332 2162 Vercingetorix,
352 2095 536 2146 convocandos
560 2102 687 2164 statuunt,
707 2095 756 2147 sed
780 2104 882 2148 certum
907 2114 1054 2151 numerum

126 2165 223 2232 cuique
241 2163 342 2215 civitati
360 2163 564 2233 imperandum3
589 2180 631 2233 nc,
651 2173 724 2216 tanta
742 2164 913 2217 multitudine
931 2166 1053 2236 confusa,

125 2249 176 2286 nec
188 2233 327 2300 moderari,
342 2249 392 2284 nec
410 2233 561 2285 discernere
581 2249 649 2300 suos,
664 2249 714 2285 nec
727 2233 908 2286 frumentandi
921 2237 1054 2290 rationem

125 2302 225 2355 habere
249 2309 366 2370 possent.
402 2303 537 2370 Imperant
556 2301 660 2354 Aeduis
679 2310 759 2370 atque
784 2319 877 2355 eorum
899 2305 1053 2376 clientibus,

125 2371 285 2440 Segusianis,
316 2370 505 2441 Ambiuaretis,
536 2371 660 2424 Aulercis
688 2371 896 2426 Brannovicibus
925 2374 1054 2446 [Brenno-

154 2553 304 2601 ¹1rrdueborrt
320 2570 353 2610 ee,
369 2553 443 2614 ‘they
454 2555 556 2602 became
574 2553 706 2613 entangled
724 2552 750 2601 in
769 2553 810 2602 the
829 2553 902 2614 sharp
920 2555 1054 2615 pullisades

125 2616 216 2671 (ealli);
229 2615 309 2669 vallis,
323 2612 365 2661 the
376 2613 467 2670 dative,
480 2613 553 2674 being
565 2613 607 2661 the
618 2628 686 2660 same
698 2629 725 2661 as
736 2614 892 2663 intervallos.

153 2700 267 2750 'Scrobee
278 2716 318 2748 arc
329 2700 399 2749 holes
410 2700 435 2748 in
445 2688 487 2748 the
499 2698 577 2756 earth,
590 2698 619 2747 of
630 2699 672 2747 the
683 2698 745 2747 form
756 2698 785 2747 of
791 2715 806 2748 a
813 2700 887 2748 wine·
907 2700 965 2757 lass,
976 2703 1054 2752 broad

125 2760 267 2882 ἔῑαξξιὶοὲἳῑὲξι,
275 2760 321 2808 and
332 2759 422 2821 ending
430 2759 510 2807 below
519 2759 544 2808 in
554 2758 653 2818 spolet,
664 2758 745 2806 which
756 2759 777 2807 is
787 2759 845 2807 hera
856 2717 934 2808 calied
946 2762 1056 2823 infimum

154 2907 163 2934 ⁸
176 2904 262 2953 Taleae
272 2920 311 2952 are
323 2905 394 2954 small
406 2914 488 2953 staves
499 2921 527 2953 or
537 2904 624 2960 ariete,
638 2903 687 2952 and
696 2905 738 2953 the
749 2907 812 2954 hemi
821 2905 874 2954 iren
884 2905 973 2957 hooks.

155 2993 249 3041 ‘Pares
261 2995 365 3054 ejusden
373 2994 469 3055 generis
481 2992 501 3039 is
513 3000 555 3040 not
567 3008 582 3039 a
592 2991 727 3050 pleonasm,
741 2992 807 3039 since
818 2992 902 3053 things
913 3008 972 3053 may
982 2995 1014 3042 be
1026 2995 1056 3045 of

125 3051 174 3158 {qq
180 3051 318 3170 seatrrqplgktipd
330 3054 441 3113 (ejusdem
450 3053 555 3112 generis)
567 3050 671 3108 inform,
684 3053 728 3099 but
736 3061 778 3112 yet
787 3067 826 3099 arc
835 3062 877 3099 not
883 3069 956 3114 pares
967 3053 993 3103 in
1005 3055 1058 3104 sizo

156 3182 261 3231 ⁶Hostie
274 3182 404 3230 exterioris
416 3182 457 3230 the
469 3182 567 3242 cavalry
577 3190 632 3230 sent
649 3191 691 3230 out
702 3184 736 3243 by
745 3182 940 3243 Vercingetorix,
954 3185 1004 3234 and
1016 3186 1058 3237 tho

128 3239 206 3290 forces
217 3242 270 3289 that
282 3242 340 3300 they
352 3240 538 3302 might-collect.

156 3311 239 3376 'Ejus
249 3315 370 3373 daircerreu,¹
389 3313 496 3376 namely,
508 3313 537 3362 of
549 3313 590 3362 the
602 3312 700 3374 cavalry
711 3328 738 3361 or
747 3314 821 3362 hostia
832 3314 967 3366 arauris.
