2250 3736
108 240 166 302 162
408 257 449 299 nr
471 256 567 298 esino
587 255 721 299 cinereo.

105 378 213 421 centem
236 366 379 436 praefecit:
407 367 473 435 ipse,
498 385 582 435 quum
605 375 785 420 maturescere
810 365 951 419 frumenta
969 363 1032 420 incl·

104 447 205 506 pererit,
230 436 263 487 ad
288 436 389 488 bellum
413 436 576 505 Ambiorigis
599 437 739 506 profectus,
766 436 825 507 [per
843 435 1034 489 Arduennam¹

104 507 208 572 silvam,
223 522 291 573 qnae
305 515 345 556 est
359 505 438 557 totins
450 506 554 557 Galliae
572 507 692 558 maxima
710 514 790 573 atque
810 504 846 557 ab
859 506 927 573 ripis
944 505 1034 558 Rheni

104 575 255 642 finibusque
274 575 443 626 Trevirorum
460 575 494 627 ad
513 576 628 628 Nervios
645 576 767 644 pertinet,
787 574 958 642 milibusque
976 591 1034 626 am·

103 643 173 713 plius
185 644 336 711 quingentis
350 645 374 696 in
387 644 582 711 longitudinem
600 643 684 715 patet]
698 645 728 696 L.
741 643 897 696 Minucium
909 644 1036 698 Basilum

103 714 249 765 cumomni
263 714 381 781 equitatu
395 714 548 781 praemittit,
562 713 661 782 siquid
680 713 817 765 celeritate
830 713 937 764 itineris
949 721 1035 781 atque

102 783 295 850 opportunitate
315 783 441 851 temporis
458 783 585 850 prolicere
603 783 700 851 possit;
719 791 817 850 monet,
830 791 860 833 ut
880 782 961 849 ignes
973 782 1034 835 fieri

102 849 236 904 incastris
253 851 398 919 prohibeat,
412 869 445 902 ne
464 869 517 920 qua
535 851 593 920 ejus
610 851 742 905 adventus
758 851 850 920 procul
868 851 1033 919 significatio

102 920 162 973 fiat:
184 937 244 972 sese
257 920 398 972 confestim
410 921 537 989 subsequi
550 921 623 973 dicit.

137 995 178 1041 30.
198 989 307 1059 Basilus,
329 998 358 1041 ut
379 990 539 1057 imperatum
561 998 609 1059 est,
630 989 711 1058 facin
737 988 861 1041 celeriter
882 997 1029 1059 contraque

101 1060 222 1113 omnium
244 1059 395 1126 opinionem
418 1059 539 1111 confecto
563 1059 665 1129 itinere,
685 1059 783 1111 multos
805 1059 833 1111 in
853 1059 927 1126 agris
948 1059 1029 1128 inopi·

100 1138 197 1181 nantes
220 1127 395 1197 deprehendit
403 1143 411 1197 ;
437 1144 529 1181 eornm
553 1128 651 1182 indicio
668 1128 702 1181 ad
727 1129 816 1197 ipsum
839 1127 1027 1196 Ambiorigem

101 1197 244 1266 contendit,
258 1215 309 1266 quo
329 1199 354 1249 in
376 1196 433 1248 loco
452 1215 516 1249 curn
535 1199 628 1267 paucis
640 1197 776 1266 equitibus
795 1214 856 1249 esse
877 1197 1024 1250 dicebatur.

101 1269 218 1321 Multum
239 1284 322 1335 quum
343 1267 371 1318 in
389 1267 512 1318 omnibus
532 1267 620 1334 rebus,
641 1274 698 1319 tum
716 1267 743 1318 in
765 1283 792 1318 re
808 1267 922 1320 militari
941 1275 1025 1336 potest

100 1337 213 1389 fortuna.
249 1337 322 1388 Nam
345 1336 414 1387 sicut
434 1352 531 1403 magno
551 1336 650 1388 accidit
674 1352 746 1405 casu,
769 1344 797 1388 ut
821 1336 849 1388 in
873 1337 965 1404 ipsum
988 1337 1024 1389 in·

101 1419 211 1458 caurum
241 1416 322 1474 atque
353 1406 435 1457 etiam
464 1405 626 1474 imparatum
654 1405 790 1474 incideret,
815 1405 944 1474 priusque
968 1404 1024 1474 ejus

100 1475 231 1527 adventus
254 1475 289 1527 ab
313 1473 467 1535 hominibus
491 1475 631 1544 videretur,
651 1491 733 1543 quarn
753 1475 827 1526 fama
847 1482 893 1527 aut
913 1478 1024 1528 nuncius

99 1544 262 1597 adferretur:
291 1544 329 1596 sic
353 1561 467 1612 magnae
488 1544 537 1597 fuit
557 1544 685 1611 fortunae,
707 1545 780 1596 omni
800 1544 910 1595 militari
931 1545 1024 1597 instru-

99 1615 210 1682 mento,²
221 1613 291 1682 qnod
305 1614 405 1665 circum
419 1631 447 1665 se
461 1614 585 1680 habebat,
599 1622 698 1683 erepto,
708 1613 798 1666 rhedis
810 1614 942 1682 equisque
955 1631 1024 1666 com·

100 1683 246 1752 prehensis,
262 1683 351 1750 ipsum
363 1683 481 1749 effugere
493 1683 626 1735 mortem.¹
661 1683 713 1735 Sed
731 1681 782 1734 hoc
800 1698 832 1733 eo
850 1681 957 1735 factum
975 1691 1022 1751 est,

65 1790 68 1795 .
100 1751 170 1820 quod
187 1752 310 1804 aedificio
328 1752 490 1804 circumdato
509 1751 584 1820 silva,
599 1753 639 1823 (ut
658 1759 718 1804 sunt
737 1751 794 1803 fere
812 1750 951 1811 domicilia
963 1752 1024 1805 Gal·

100 1819 193 1890 lorum,
208 1822 252 1890 qui
270 1820 371 1873 vitandi
389 1830 480 1873 aestus
498 1838 587 1890 causa,
602 1820 760 1890 plerumque
781 1819 911 1872 silvarum
926 1838 960 1873 ac
978 1821 1024 1873 flu·

99 1889 204 1942 minum
235 1897 328 1958 petunt
358 1907 403 1959 pro
425 1889 581 1959 inquitates)
605 1890 717 1943 comites
740 1888 943 1959 familiaresque
967 1889 1023 1960 ejus

99 1959 258 2026 angusto'in
276 1959 333 2010 loco
351 1907 496 2028 paullisper
513 1960 635 2028 equiturn
652 1966 800 2011 nostrorum
817 1959 874 2011 vim
893 1960 1024 2012 sustinue-

99 2037 168 2080 runt.
205 2028 255 2079 His
277 2027 463 2096 pugnantibus,
488 2028 564 2080 illum
594 2028 622 2080 in
651 2045 753 2097 equum
776 2028 888 2096 quidam
912 2045 947 2082 ex
971 2031 1024 2081 suis

99 2095 203 2149 intulit:
231 2096 376 2164 lugientem
403 2097 486 2149 silvae
511 2106 642 2150 texerunt.
678 2098 722 2151 Sic
741 2106 768 2150 et
788 2097 823 2150 ad
844 2097 1025 2152 subeundum⁴

98 2165 248 2236 periculum
261 2175 288 2218 et
300 2166 335 2218 ad
349 2166 487 2219 vitandum
500 2167 615 2219 multum
629 2167 733 2221 fortuna
746 2167 838 2220 valuit.

134 2240 176 2288 31.
195 2236 334 2288 Ambiorix
351 2236 442 2304 copias
460 2253 524 2288 suas
539 2234 674 2305 jndicione
698 2253 750 2290 non
768 2236 934 2305 conduxerit,
954 2236 1025 2307 quod

98 2306 198 2375 proelio
218 2305 403 2357 dimicandum
422 2321 474 2357 non
493 2305 657 2374 existimarit,
670 2323 704 2358 an
720 2314 840 2375 tempore
854 2307 981 2360 exclusus
998 2314 1026 2360 et

98 2375 235 2444 repentino
254 2375 375 2443 equitum
392 2373 423 2424 ad
430 2384 509 2427 ventu
528 2374 682 2443 prohibitus,
696 2391 782 2443 quum
799 2375 934 2442 reliquum
951 2393 1022 2428 exer-

97 2443 182 2496 citum
195 2444 321 2512 subsequi
333 2443 461 2511 crederet,
471 2443 584 2496 dubium
598 2453 653 2496 est:
674 2444 722 2496 sed
735 2452 807 2496 certe
820 2443 893 2496 clem
906 2444 1027 2498 dimissis

97 2528 145 2582 per
156 2530 234 2581 agros
245 2513 359 2582 nunciis,
369 2512 419 2565 sibi
432 2529 569 2582 quemque
581 2513 720 2566 consulere
731 2512 825 2583 jussit:
839 2530 957 2582 quorum
964 2531 1026 2584 pars

127 2677 193 2725 ¹See
205 2693 228 2724 v.
240 2679 263 2733 3,
276 2677 308 2724 vi.
320 2679 356 2724 33.

127 2750 335 2799 'lustramentum
345 2751 412 2805 here,
426 2765 452 2797 as
463 2749 538 2805 often,
552 2749 596 2798 hes
607 2765 622 2797 s
632 2749 760 2798 collective
771 2749 895 2810 meaning,
907 2750 1027 2814 denoting

99 2809 132 2856 ell
143 2810 299 2868 implements
311 2809 338 2857 of
346 2825 411 2866 war3
425 2825 453 2857 so
464 2809 515 2856 that
527 2809 545 2856 it
557 2809 578 2856 is
589 2809 631 2857 the
642 2825 709 2857 same
721 2825 748 2857 as
758 2819 890 2871 apparatus
901 2812 1025 2860 militaris.

100 2868 221 2928 Compare
233 2885 256 2916 v.
268 2872 306 2925 31,
319 2878 375 2916 note
387 2872 409 2915 2.

129 2941 229 3002 ⁸Ipsum
239 2941 341 3002 effugere
352 2949 465 2996 mortem
484 2940 554 2988 these
570 2940 652 2988 words
670 2940 802 2989 constitute
820 2941 862 2988 the
879 2943 979 3001 subject
995 2941 1024 2991 ol

100 2998 142 3046 the
154 3000 245 3054 clause,
259 3000 305 3046 and
320 3016 421 3067 magnae
430 3000 550 3067 fortunae
558 3001 614 3068 fuit
630 2999 729 3067 arethe
747 2999 884 3068 predicate:
905 3001 963 3048 ‘the
979 3003 1025 3050 eir·

100 3068 248 3177 qngsthqqq
259 3058 288 3106 of
302 3059 340 3106 his
353 3060 503 3115 (Ambiorix)
521 3073 637 3118 escaping
653 3058 717 3106 slive
728 3074 779 3106 was
796 3074 811 3105 a
826 3073 896 3117 pisce
914 3059 942 3108 of
956 3071 1025 3122 great

130 3188 188 3235 tAd
196 3191 343 3235 subeundum
353 3189 428 3237 refers
440 3199 465 3236 to
476 3189 519 3236 the
536 3189 646 3238 Romans
656 3190 733 3239 under
744 3190 850 3247 Basilus,
864 3192 923 3240 who
933 3195 1025 3255 sought

101 3247 143 3295 the
160 3257 264 3314 enemy:
282 3247 355 3295 while
373 3251 405 3295 ad
421 3251 546 3297 vitandum
562 3249 638 3299 refers
655 3260 681 3298 to
692 3249 832 3305 Ambiorix,
846 3250 904 3300 who
920 3253 1026 3314 oscsped

101 3305 163 3354 froin
174 3304 237 3353 their
248 3306 401 3365 inexpected
412 3305 503 3354 attach.
810 3318 813 3324 ’
