2250 3736
469 257 560 298 ursus
580 258 601 301 1.
955 242 995 299 ta

141 361 172 412 ³2.
185 362 231 418 Hac
247 365 362 418 oratione
383 365 419 418 ab
435 367 566 419 Divitiaoo
584 365 676 420 hahita
693 381 794 435 onmes,
811 365 856 434 qui
875 367 993 434 aderant,

111 440 185 494 magno
194 433 249 486 fletu
262 435 393 488 auxilium
411 453 428 487 a
439 438 553 489 Caesare
569 446 660 504 petere
671 444 830 503 coeperunt.
867 437 995 488 Animad-

111 499 171 551 vertit
182 502 266 555 Caesar
278 522 345 556 unos
363 522 397 556 ex
416 506 541 558 omnibus
558 506 693 573 Sequanos
711 503 777 556 nihil
795 521 885 557 earum
906 523 994 558 rerum

108 561 184 641 facere,
193 588 252 640 quas
269 574 352 626 ceteri
367 574 493 644 facerent,
507 575 554 627 sed
567 575 655 626 tristes
669 576 756 642 capite
768 573 884 625 demisso
898 584 996 627 terram

108 639 189 710 lutheri.
220 643 284 712 Ejus
296 644 334 695 rei
346 660 417 712 quae
436 661 517 696 causa
530 651 608 711 esset,
623 644 734 695 miratus
746 661 779 695 err
793 642 858 712 ipsis
870 644 993 711 quaesiit.

106 699 164 758 Nihil
177 708 280 780 Sequani
299 716 477 781 respondere,¹
491 712 538 764 sed
559 713 584 764 in
604 712 701 764 eadem
721 712 824 764 tristitia
843 713 917 764 taciti
936 730 994 781 per·
1065 722 1071 731 '

106 785 198 830 manere.
229 782 296 833 Cum
308 782 344 834 ab
357 781 400 833 his
418 783 525 850 saepius
537 790 678 849 quaereret
690 798 777 849 neque
792 781 874 833 ullam
887 783 995 834 omnino

94 854 179 898 ,vocem
192 851 335 918 exprimere
354 859 450 919 posset,
465 851 536 903 idern
550 851 698 903 Divitiacus
714 850 827 903 Aeduus
844 851 994 920 respondit:

105 913 152 961 ssoel
166 932 216 969 esse
237 919 403 972 miseriorem
427 928 454 971 et
477 921 625 987 graviorem
649 919 783 972 fortunam
804 920 994 988 Sequanorum,

104 993 167 1044 quau
177 986 338 1056 reliquorum,
348 989 418 1056 quod
431 989 480 1040 soli
494 1006 527 1040 ne
541 990 565 1041 in
578 988 682 1041 occulto
694 989 803 1057 quidem
817 991 892 1057 queri
905 1006 994 1057 neque

103 1049 204 1108 auxilium
222 1057 361 1125 implorare
380 1057 516 1126 auderent,
530 1058 702 1125 absentisque
715 1059 841 1110 Ariovisti
852 1058 994 1110 crudelita-

103 1122 221 1186 tenuetur
233 1128 355 1178 siceram
367 1127 482 1196 adesset,
493 1127 643 1194 horrerent;
656 1136 796 1196 propterea
804 1128 875 1195 quod
886 1128 994 1195 reliquis

103 1190 180 1242 tament
193 1195 271 1262 fugae
289 1195 405 1248 facultas
422 1197 536 1266 daretur,
550 1197 681 1264 Sequanis
698 1195 768 1264 vero',
782 1197 828 1265 qui
847 1197 915 1248 intra
926 1197 994 1248 fines

102 1267 150 1328 thot
158 1262 306 1317 Ariovistum
317 1267 487 1335 recepissent,
498 1283 611 1335 quorum
623 1266 719 1334 oppida
728 1268 817 1318 omnia
826 1267 853 1317 in
862 1274 994 1334 potestate

101 1337 148 1388 ejus
156 1342 241 1402 essent,
255 1350 350 1386 omnes
362 1335 495 1387 cruciatus
507 1344 597 1387 esseut
610 1335 769 1402 perferendi.

129 1395 159 1447 3³·
174 1399 216 1453 His
233 1403 312 1455 rebus
330 1403 441 1471 cognitis
454 1405 550 1457 Caesar
561 1404 699 1457 Gallorum
711 1404 814 1456 animos
827 1402 915 1456 verbis
933 1421 993 1456 cou-

100 1455 189 1530 fitmruit
200 1471 385 1540 pollicitusque
403 1482 445 1525 est
457 1474 507 1526 sibi
519 1491 580 1526 eam
593 1490 650 1524 rem
668 1490 748 1524 curae
767 1473 900 1525 futuram:
920 1490 994 1540 mag·

100 1540 148 1608 flam
159 1552 181 1587 se
192 1538 288 1592 habere
302 1558 378 1609 spem
391 1551 417 1594 et
427 1542 566 1595 beneficio⁴
578 1559 625 1595 suo
637 1551 665 1594 et
677 1543 833 1594 auctoritate
845 1543 993 1610 adductum

100 1595 235 1675 Ariovistum
246 1610 326 1662 finem
341 1610 443 1679 injuriis
454 1611 597 1664 facturum.
633 1611 690 1663 Hac
703 1612 819 1663 oratione
833 1610 923 1663 habita
932 1629 982 1664 con

100 1664 170 1725 urhun
185 1677 291 1731 dimisit.
329 1680 364 1732 Et
382 1681 531 1733 secundum
550 1698 583 1732 ea
596 1680 697 1733 multae
710 1698 753 1732 res
771 1697 834 1732 euru
853 1680 983 1733 hortaban

100 1737 138 1806 lus,
148 1750 226 1809 quare⁵
237 1749 288 1801 sibi
298 1765 360 1801 eam
373 1766 427 1801 rern
442 1750 610 1816 cogitandam
624 1759 650 1800 et
660 1749 857 1818 suscipiendam
872 1758 991 1819 putaret,

99 1811 212 1884 lmprimjs,
232 1817 303 1886 quod
328 1818 444 1887 Aeduos,
465 1818 559 1871 fratres
579 1819 843 1886 consanguineosque
863 1834 992 1886 saepenr·

99 1884 178 1933 merea
189 1897 280 1938 senatu
292 1887 447 1956 appellatos,
461 1889 486 1939 in
500 1888 627 1940 servitute
638 1887 758 1955 atquein
770 1887 870 1940 ditione
883 1884 992 1943 vidr¹,et

97 1937 262 2008 GerHunorum
277 1957 369 2023 teneri,
382 1973 528 2025 eorumque
547 1957 654 2009 obsides
672 1974 732 2008 esse
744 1958 816 2025 apud
829 1958 992 2010 Ariovistum

96 2021 124 2058 ³⁰
137 2013 257 2095 Sequanos
276 2024 458 2092 intelligebat3
482 2026 552 2094 quod
572 2027 598 2078 in
617 2034 689 2077 tanto
707 2027 818 2094 imperio
836 2027 925 2096 populi
943 2029 992 2080 Ro-

97 2089 153 2151 mam
161 2093 334 2160 turpissimum
344 2095 394 2146 sibi
404 2103 430 2146 et
440 2095 609 2164 reipublicae
619 2112 679 2147 esse
688 2096 872 2148 arbitrabatur.
898 2097 992 2149 Paula·

96 2149 134 2200 ¹¹¹⁰
153 2170 235 2215 autem
258 2164 406 2215 Germanos
429 2181 605 2216 consuescere
624 2164 748 2217 Rhenum
775 2167 893 2232 transire,
915 2174 942 2217 et
965 2166 992 2217 in

96 2211 187 2297 Galliam
200 2249 325 2298 magnam
346 2249 436 2284 eorum
449 2233 650 2285 multitudinem
663 2234 753 2286 venire
766 2235 862 2302 populo
874 2235 991 2287 Romano

94 2291 250 2353 Periculosum
269 2301 394 2368 videbat,
413 2319 501 2370 neque
520 2303 571 2355 sibi
589 2302 712 2355 homines
729 2303 800 2355 feros
817 2321 850 2354 ae
868 2304 993 2356 barbaros

95 2354 264 2427 ‘tmperaturos
276 2370 455 2438 existimabat,
469 2371 541 2440 quin,
554 2389 617 2424 cum
629 2389 736 2425 omnem
750 2372 992 2441 Galliamoccupa·

94 2430 182 2506 essem,
196 2448 222 2491 ut
240 2449 303 2492 ante
321 2439 422 2492 Cimbri
443 2441 612 2509 Teutonique
632 2440 766 2511 fecissent,
786 2443 812 2493 in
829 2442 990 2510 provinciam

93 2527 307 2565 &—

116 2591 269 2668 ¹Rapondere
278 2610 325 2659 and
333 2629 471 2673 permonere
482 2628 521 2660 are
530 2611 655 2660 historical
664 2628 691 2660 or
697 2611 842 2671 descriptive
852 2610 992 2659 infinitives.

114 2676 180 2751 ¹an
192 2698 232 2746 the
244 2715 312 2747 same
323 2715 350 2747 as
361 2708 436 2749 tanto.

114 2764 215 2843 'Temen
247 2784 335 2833 Before
356 2786 406 2834 this
427 2786 493 2834 word
512 2803 527 2834 a
545 2786 627 2834 clause
648 2786 668 2834 is
687 2786 843 2841 understood,
865 2785 925 2833 with
944 2785 992 2834 this

88 2828 199 2904 meunrpg,
217 2844 346 2905 Although
362 2846 403 2893 the
420 2845 503 2893 others
519 2862 576 2906 may
587 2855 629 2893 not
641 2848 671 2893 be
683 2846 737 2892 able
749 2855 774 2892 to
785 2845 842 2892 take
854 2859 992 2913 vengeance

87 2889 115 2924 ⁰¹¹
125 2887 263 2960 Arrovistus,
277 2919 304 2951 or
314 2905 387 2963 expel
398 2904 458 2957 him,
471 2905 522 2952 still
534 2911 628 2961 (tamen)
641 2904 699 2964 they
711 2920 767 2964 may
779 2904 836 2952 take
848 2904 873 2951 t'o
884 2902 962 2964 flrght.

114 2969 177 3032 ¹The
192 3001 228 3037 act
245 2990 273 3038 of
288 2990 405 3039 hindness
422 3000 447 3038 to
462 2991 544 3039 which
561 2991 653 3039 Caesar
666 2992 724 3039 here
741 2990 835 3039 alludes
852 2991 881 3046 is,
898 2990 950 3037 that
968 2989 992 3038 in

110 3041 189 3093 lesar's
199 3049 347 3108 consulship,
359 3050 406 3097 end
417 3050 521 3110 through
533 3050 570 3097 his
580 3050 708 3105 influence,
720 3050 860 3098 Ariovistus
872 3049 918 3096 had
930 3050 991 3098 beon

88 3091 214 3189 ffi‘itr'ised
224 3110 257 3167 by
268 3109 310 3155 tlre
327 3109 435 3156 Romans
447 3125 473 3156 as
486 3109 553 3169 king,
567 3108 614 3156 and
630 3108 754 3157 honoured
766 3109 826 3157 with
837 3109 879 3155 the
895 3107 949 3154 title
960 3107 988 3155 of

127 3156 156 3202 Ed
165 3163 190 3210 of
196 3166 235 3214 the
248 3168 344 3215 Roman
354 3168 449 3227 people.

114 3231 189 3298 'Thu
199 3253 227 3312 is,
240 3264 267 3304 ut
275 3265 407 3318 propterea.
439 3254 487 3304 See
498 3271 521 3304 v.
534 3258 571 3302 31.
