2250 3736
528 256 619 296 naua
638 257 659 297 1.
1013 236 1049 296 51

93 348 236 410 hssenr.
270 360 362 430 Populi
376 361 490 414 Romani
509 363 577 416 hauc
596 381 656 416 esse
675 363 904 431 consuetudinem,
920 371 949 415 ut
968 362 1053 416 socios

90 425 215 489 alque
229 431 328 482 amicos
346 449 397 482 non
411 433 491 483 modo
504 434 544 484 sui
559 432 622 485 nihil
635 433 789 501 deperdere,
803 433 851 484 sed
862 434 954 500 gratia,
968 433 1052 499 ‹ugni-

91 489 198 563 tate,
218 499 312 551 horrore
336 502 469 552 auctiores
489 502 552 553 velit
573 518 647 554 esse:
673 503 742 570 quod
764 519 826 554 vero
847 503 882 554 ad
906 503 1052 554 amicitiam

90 564 222 642 Populi
234 569 344 621 Romani
355 569 523 638 adtulissent,
538 571 564 622 id
577 573 609 622 iis
627 572 690 639 eripi
704 573 763 638 quis
781 573 835 639 pati
853 572 960 639 possetl
991 572 1052 623 Pos-

93 627 226 687 *ulam
238 637 335 690 deinde
345 640 451 708 eadem,
461 657 530 708 quae
544 641 639 708 legatis
648 641 674 692 in
688 641 820 692 mandatis
832 641 949 708 dederat,
960 657 993 692 ne
1006 649 1052 692 aut

92 692 242 774 Aeduis,
255 715 301 759 aut
320 724 414 760 eorum
434 711 514 761 sociis
532 709 631 762 bellum
653 710 776 775 irrserret3
795 710 901 762 obsides
914 709 1037 761 redderet

92 774 139 812 ⁸1
168 775 273 827 nullam
292 786 394 844 partem
410 779 604 831 Germanorum
620 779 730 831 domum
750 781 884 832 remittere
903 788 1000 849 posset,
1016 787 1053 831 at·

88 840 152 884 ΗΘ
172 859 245 910 quos
255 846 372 913 amplius
383 848 508 899 Rhenum
522 849 631 900 transire
643 856 786 916 pateretur.

153 914 207 984 514.
228 916 380 968 Ariovistus
399 917 433 967 ad
456 917 588 985 postulata
606 918 727 969 Caesaris
749 934 834 986 pauca
855 917 996 985 respondit,
1017 916 1053 968 de

89 979 187 1030 Suis
210 984 354 1036 virtutibus
379 985 464 1038 multa
488 987 664 1055 praedicavit:
693 989 819 1039 transisse
842 986 967 1039 Rhenum
991 1001 1052 1037 sese

92 1048 181 1100 n011
195 1069 244 1102 sua
257 1063 359 1123 sponte,
373 1055 421 1106 sed
436 1066 554 1122 rogatum
568 1066 595 1107 et
607 1057 764 1108 arcessitum
778 1074 795 1108 a
807 1056 891 1108 Gallis
899 1072 906 1123 ;
925 1072 976 1106 non
995 1055 1052 1107 sine

93 1118 228 1186 magua
247 1140 295 1190 spe
313 1125 473 1192 magnisque
492 1126 616 1193 praemiis
633 1125 743 1177 domum
762 1127 974 1195 propinquosque
993 1124 1052 1175 reli·

93 1187 236 1258 fluisse,
260 1193 342 1244 sedes
361 1193 460 1246 habere
481 1195 508 1246 in
528 1195 615 1246 Gallia
635 1196 670 1246 ab
691 1195 755 1263 ipsis
775 1211 923 1261 concessas,
945 1193 1053 1245 obsides

95 1257 246 1326 ¹P80rum
262 1262 397 1314 voluntate
415 1263 491 1315 datos
498 1280 506 1331 3
525 1264 689 1332 stipendium
708 1281 803 1333 capere
820 1263 878 1333 jure
897 1261 967 1329 belli,
981 1261 1051 1330 quod

95 1327 245 1381 Vlcrores
270 1332 348 1383 vietis
372 1333 497 1401 inponere
523 1334 684 1385 consuerint.
720 1335 779 1386 Non
803 1351 863 1385 sese
887 1332 978 1398 Gallis,
1003 1331 1051 1383 sed

95 1383 221 1448 Gallos
241 1399 294 1452 eibi
313 1401 416 1454 bellum
437 1403 572 1470 intulisse;
595 1420 689 1454 omnes
706 1403 809 1455 Galliae
827 1402 950 1454 civitates
967 1400 1001 1451 ad
1022 1417 1052 1452 se

98 1467 338 1534 oppugnandum
349 1472 455 1523 venisse
467 1489 499 1523 ac
508 1481 598 1523 contra
608 1489 636 1524 se
646 1482 731 1524 castra
745 1472 882 1524 habuisse:
900 1489 947 1522 eas
958 1487 1052 1522 omnes

99 1536 221 1600 copias
233 1554 249 1588 a
261 1556 290 1590 se
304 1557 356 1592 uno
374 1540 472 1609 proelio
491 1541 582 1609 pulsas
600 1558 632 1592 ao
651 1551 790 1610 superatas
809 1557 877 1592 esse.
915 1541 941 1592 Si
955 1542 1051 1590 iterum

104 1607 244 1670 experiri
258 1609 348 1677 velint,
363 1626 391 1661 se
405 1610 501 1662 iterum
514 1620 636 1678 paratum
649 1628 709 1662 esse
727 1611 880 1677 decertare,
900 1609 922 1660 si
935 1626 1001 1677 pace
1014 1608 1052 1659 uti

103 1671 220 1743 velint,
231 1677 353 1746 iniquum
363 1696 423 1730 esse
436 1679 470 1731 de
480 1679 620 1747 stipendio²
633 1697 762 1748 recusare,
775 1679 846 1748 quod
859 1696 907 1729 sua
917 1678 1052 1729 voluntate

105 1737 161 1788 ad
186 1743 212 1795 id
230 1754 337 1816 tempus
360 1749 545 1817 pependerint.
582 1749 737 1801 Amicitiam
757 1748 847 1818 populi
864 1748 976 1800 Romani
1001 1745 1051 1798 sibi

107 1815 284 1867 0¹·namento
303 1825 330 1869 et
345 1818 483 1887 praesidio,
497 1835 548 1871 non
563 1817 722 1869 detrimento
741 1835 800 1870 esse
818 1827 945 1885 oportere,
963 1815 1052 1883 idque·

109 1884 167 1954 Se·
177 1896 207 1932 ea
221 1901 268 1952 spe
286 1887 396 1954 petisse.
433 1887 458 1940 Si
470 1905 517 1956 per
535 1887 663 1955 populum
675 1888 823 1939 Romanum
837 1885 1000 1955 stipendium
1014 1901 1052 1936 re-

110 1953 250 2004 mittatur
272 1965 299 2007 et
320 1955 438 2008 dediticii
458 1957 653 2024 subtrahantur,
675 1974 727 2008 non
747 1957 837 2009 minus
857 1956 971 2008 libenter
990 1971 1051 2005 sese

114 2021 315 2097 recitaturum
324 2025 415 2093 populi
424 2026 699 2095 Romaniamicitiam,
712 2043 794 2094 quarn
803 2026 950 2093 appetierit.
975 2021 1052 2081 Quod

114 2085 329 2145 multitudinem
351 2096 543 2147 Germanorum
565 2096 590 2147 in
610 2095 727 2148 Galliam
751 2095 878 2162 traducat,
901 2095 927 2146 id
953 2110 982 2144 se
1007 2091 1047 2143 sui

116 2158 276 2232 muniendi,
296 2180 349 2215 non
369 2164 472 2216 Galliae
490 2164 687 2233 impugnandae
706 2182 788 2216 causa
806 2164 910 2215 facere:
933 2162 991 2230 ejus
1014 2161 1051 2213 rei

120 2220 280 2282 testimonio
293 2250 361 2302 esse,
376 2234 446 2302 quod
460 2235 509 2285 nisi
524 2248 628 2300 rogatus
640 2252 690 2285 non
701 2234 811 2300 venerit,
826 2241 851 2284 et
865 2232 935 2300 quod
948 2230 1051 2284 bellum

120 2294 188 2340 ¹¹01}
205 2298 326 2370 intulerit,
347 2304 394 2355 sed
416 2303 574 2356 defenderit.
611 2303 644 2356 Se
665 2304 737 2371 prius
757 2304 781 2355 in
801 2302 915 2355 Galliam
936 2301 1050 2369 venisse,

122 2364 211 2430 ‘issam
223 2371 351 2440 populum
364 2373 523 2425 Romanum.
559 2374 704 2441 Nunquam
717 2381 779 2424 ante
792 2373 842 2424 hoc
855 2381 963 2439 tempus
974 2386 1047 2421 exer-

122 2432 214 2503 ⁰lt¹lm
226 2442 315 2508 populi
327 2442 439 2494 Romani
450 2441 553 2494 Galliae
566 2443 717 2510 provinciae
727 2442 794 2494 fines
807 2457 953 2508 egressum.
980 2436 1051 2497 Quid

123 2490 193 2546 ἸΝ
204 2509 288 2580 vellet,
299 2528 347 2563 cur
356 2512 381 2563 in
392 2529 455 2563 suas
463 2513 645 2580 possessiones
654 2511 774 2564 veniretl
790 2511 964 2588 .Provipciam
974 2525 1050 2560 suain

121 2620 1048 2658 χ-ῌ--α--μ-

153 2707 162 2734 ¹
173 2709 231 2770 The
242 2724 356 2784 meaning
366 2724 394 2772 of
404 2699 429 2772 rit
444 2725 501 2773 here
513 2724 533 2772 is
545 2725 632 2772 ulmost
644 2725 684 2772 tho
696 2739 763 2772 same
774 2740 801 2771 as
812 2727 902 2780 salter,
919 2728 957 2769 ‘at
969 2721 1048 2769 least)

148 2790 158 2818 ⁸
169 2797 267 2858 C{resur
276 2812 298 2857 in
309 2810 347 2858 his
358 2810 474 2859 demands
486 2811 533 2858 had
544 2812 614 2859 made
626 2827 656 2858 no
668 2811 770 2859 allusion
781 2820 806 2857 to
817 2811 858 2858 the
870 2811 1013 2871 stipendium
1023 2825 1050 2856 or

149 2850 231 2924 bute3
247 2872 288 2917 hut
297 2870 335 2917 his
345 2869 636 2930 demandingAriovistus
645 2880 670 2918 to
681 2880 772 2918 restore
784 2870 824 2916 the
837 2870 959 2929 hostages,
968 2869 1050 2917 would

132 2918 184 2984 ⁰⁹⁶,
209 2927 318 2986 deprived
330 2930 470 2977 Ariovistus
482 2929 510 2976 of
522 2932 562 2977 the
579 2945 663 2977 means
679 2929 707 2976 of
719 2928 864 2988 compelling
877 2929 916 2975 the
930 2928 1007 2976 Gauls
1023 2938 1049 2976 to

113 2968 155 3027 ppy
174 2990 213 3031 tt,
242 2988 326 3036 Hence
338 2989 378 3035 the
390 2989 539 3047 expression,
553 2992 581 3036 de
591 2991 708 3050 stipendio
720 3005 835 3044 recusare,
849 2987 895 3034 arrd
906 2998 947 3034 not
958 2989 1046 3048 stipen-

125 3033 185 3079 ΨΜ
206 3061 316 3095 recusare.

118 2847 146 2892 tri

104 3097 193 3204 purg*
199 3114 265 3225 lppdid
275 3119 320 3167 has
330 3135 345 3168 a
355 3135 422 3167 more
433 3121 531 3180 general
541 3120 655 3179 meaning
665 3118 724 3167 thou
741 3119 782 3167 the
798 3119 913 3168 feminine
929 3136 955 3165 ea
965 3119 1046 3168 would

122 3218 128 3244 ,
248 3213 253 3225 .

96 3276 136 3318 „p
143 3224 229 3294 Tho
239 3252 284 3318 ethi
294 3250 369 3300 refers
379 3260 405 3299 to
415 3252 514 3300 Cacsar.
546 3251 606 3319 The¹
612 3250 726 3318 meaning
737 3250 770 3298 is:
787 3250 853 3318 what
862 3266 913 3297 was
924 3248 962 3296 his
974 3249 1035 3304 (Coa

143 3301 287 3368 ⁸)ob1ect
299 3311 323 3358 in
334 3311 432 3372 coming
442 3311 492 3359 into
503 3310 542 3358 his
553 3311 722 3366 (Ariovistus')
734 3324 893 3369 possessione.
