2250 3736
146 233 203 291 196
447 250 488 288 nu
509 249 606 288 suono
627 248 764 290 caturco.
844 250 845 254 ¹

143 357 332 413 benevolentia
348 358 524 411 deminuere}
559 359 620 427 lpse
638 357 768 427 majorem
781 357 885 409 Galliae
903 365 1012 410 motum
1024 375 1070 412 ex-

144 438 275 498 spectans,
290 446 323 479 ne
336 429 371 481 ab
389 429 513 481 omuibus
526 427 681 480 civitatibus
693 428 941 497 circumsisteretur,
955 428 1071 481 consilia

144 499 233 567 inibat,
247 498 476 566 quemadmodum
488 499 523 549 ab
535 498 667 566 Gergovia
684 497 834 548 discederet
852 514 884 548 ac
904 514 996 549 rursus
1013 515 1071 550 orn·

144 585 206 620 nem
231 568 378 620 exercitum
402 568 568 619 contraheret
576 583 584 636 3
608 583 642 618 ne
666 567 800 637 profectio,
825 577 887 619 nata
911 567 948 620 ab
973 567 1071 619 timore

142 637 307 705 defectionis,
322 637 416 689 similis
428 637 509 704 fugae
523 638 666 688 videretur.
956 671 961 681 ·

178 712 220 758 44.
240 706 314 758 Haec
326 708 451 774 cogitanti
464 706 587 758 accidere
600 705 657 756 visa
669 714 709 757 est
722 705 837 757 facultas
848 705 919 758 bene
931 705 1071 772 gerendae

143 776 191 828 rei.
227 777 299 828 Nam
311 793 396 844 quum
408 777 510 827 minora
529 776 555 827 in
573 775 670 839 castra’
680 775 768 843 operis
786 775 964 843 perspiciendi
985 792 1070 827 causa

145 845 269 912 venisset,
283 845 471 897 annnadvertit
489 845 593 912 collem,
608 844 653 912 qui
669 844 704 896 ab
718 845 838 897 hostibus
856 846 1007 912 tenebatur,
1021 862 1072 896 nu·

143 914 237 966 datum
253 913 413 982 hominibus,
428 916 474 985 qui
494 913 673 983 superioribus
691 913 787 966 diebus
800 914 845 966 vix
863 931 927 982 prae
945 915 1072 966 multitu·

143 983 206 1036 dine
225 984 297 1036 cerni
318 992 427 1052 poterat.
463 984 620 1037 Admiratus
638 983 742 1051 quaerit
758 1000 792 1035 ex
809 984 930 1051 perfugis
945 1000 1070 1053 causam,

142 1069 256 1122 quorum
268 1070 382 1120 magnus
400 1054 434 1105 ad
453 1071 516 1106 eum
529 1051 647 1121 quotidie
666 1069 793 1104 numems
804 1053 964 1105 confluebat.
1002 1054 1072 1105 Con-

143 1123 231 1175 stabat
250 1123 318 1174 inter
336 1139 437 1192 omnes,
460 1123 530 1192 quod
548 1122 605 1190 jam
625 1122 682 1189 ipse
702 1122 801 1173 Caesar
820 1139 867 1191 per
887 1123 1072 1191 exploratores

142 1201 309 1260 cognoverat,
331 1192 440 1244 dorsum
456 1210 519 1245 esse
540 1191 599 1260 ejus
617 1189 674 1260 jugi
693 1207 773 1259 prope
792 1208 929 1259 aequum,
949 1192 999 1244 sed
1018 1192 1072 1244 hac

143 1262 264 1313 silvestre
286 1272 312 1312 et
331 1272 483 1330 angustum,
504 1278 557 1330 qua
581 1269 653 1312 esset
672 1260 762 1312 aditus
781 1260 816 1312 ad
839 1260 953 1314 alteram
978 1261 1071 1330 oppidi

142 1340 261 1399 partem:
284 1329 346 1382 huic
365 1330 424 1382 loco
443 1331 620 1383 vehementer
639 1329 700 1382 illos
719 1331 821 1398 timere,
843 1347 894 1382 nec
912 1329 971 1400 jam
991 1331 1071 1383 aliter

142 1400 261 1468 sentire,¹
276 1417 328 1451 uno
347 1400 414 1452 colle
433 1400 468 1452 ab
486 1399 613 1454 Romanis
631 1409 768 1468 occupato,
789 1399 810 1451 si
829 1400 944 1453 alterum
964 1401 1071 1453 amisis·

143 1476 210 1537 sent,
229 1468 292 1536 quin
309 1486 395 1536 paene
412 1467 609 1524 circumvallati
627 1477 708 1536 atque
727 1468 802 1520 omni
819 1469 892 1521 exitu
911 1478 938 1522 et
956 1470 1071 1538 pabula-

143 1538 215 1590 tione
227 1538 364 1590 interclusi
377 1538 545 1591 viderentur:
564 1537 687 1590 adhunc
705 1537 882 1591 muniendum
902 1539 994 1592 locum
1012 1556 1070 1593 om·

142 1623 192 1660 nes
202 1625 219 1658 a
231 1607 447 1676 Vercingetorige
460 1617 593 1660 evocatos.

178 1681 220 1728 45.
239 1677 296 1728 Hac
315 1694 343 1728 re
363 1678 476 1744 cognita,
490 1679 589 1731 Caesar
607 1675 688 1728 mittit
703 1675 855 1744 complures
873 1677 997 1745 equitum
1016 1685 1071 1730 tur-

142 1761 202 1798 mas
220 1761 252 1796 eo
271 1746 305 1796 de
323 1745 414 1797 media
432 1756 526 1799 nocte:
546 1745 580 1798 iis
592 1744 712 1825 imperat,
728 1760 756 1798 ut
772 1746 861 1814 paullo
875 1747 1071 1800 tumultuosius

119 1814 267 1866 omnibus
287 1815 311 1866 in
332 1815 398 1866 locis
418 1824 632 1884 pervagarentur.
670 1817 760 1868 Prima
783 1815 844 1866 luce
868 1833 1000 1884 magnum
1020 1834 1070 1868 nu·

67 1938 69 1941 ,
142 1900 248 1937 merum
272 1884 536 1952 impedimentorum⁴
558 1902 592 1937 ex
615 1885 710 1937 castris
733 1884 922 1952 mulorumque
947 1886 1068 1956 produci,

143 1950 214 2022 eque¹
226 1953 259 2004 iis
268 1962 413 2005 stramenta
426 1954 537 2022 detrahi,
548 1954 733 2022 mulionesque
746 1971 809 2006 cum
822 1954 981 2024 cassidibus,
993 1955 1069 2022 equi·

143 2031 201 2074 tum
221 2021 312 2090 specie
330 2039 363 2074 ac
383 2023 560 2090 simulatione,
580 2023 694 2075 collibus
711 2023 876 2075 circumvehi
894 2023 981 2092 jubet.
1018 2025 1070 2078 His

142 2108 243 2161 paucos
266 2092 339 2144 addit
363 2092 476 2161 equites,
501 2092 549 2161 qui
572 2092 652 2144 latius
675 2092 861 2144 ostentationis
880 2109 963 2145 causa
988 2111 1069 2162 vaga-

142 2169 240 2213 rentur.
277 2161 367 2228 Longo
379 2161 491 2214 circuitu
509 2161 619 2214 easdem
638 2179 732 2213 omues
743 2161 819 2230 jubet
831 2172 923 2231 petere
937 2163 1080 2228 regiones„

141 2229 216 2282 Haec
237 2230 327 2298 procul
350 2248 384 2282 ex
403 2231 498 2299 oppido
516 2230 683 2299 videbantur,
703 2233 742 2282 ut⁶
759 2240 815 2282 erat
833 2248 850 2282 a
868 2233 1002 2299 Gergovia
1021 2234 1070 2285 de·

142 2308 251 2368 spectus
263 2299 290 2350 in
303 2309 389 2351 castra
397 2317 405 2367 3
423 2317 513 2368 neque
526 2310 598 2352 tanto
611 2299 704 2369 spatio,
718 2300 785 2352 certi
798 2301 861 2369 quid
881 2310 961 2366 esset,
977 2303 1070 2370 explo-

141 2368 193 2421 rari
208 2376 319 2438 poterat.
356 2370 503 2436 Legionem
522 2387 604 2422 unam
623 2370 721 2423 eodem
737 2368 810 2439 jugo⁶
827 2370 910 2422 mittit
930 2379 957 2422 et
977 2372 1070 2441 paullo

152 2479 180 2484 -
190 2478 901 2488 ——---—-—-——.———--
912 2482 1069 2491 -.-.,-.-..

171 2520 342 2578 ¹Deminacre;
360 2521 448 2581 supply
459 2524 593 2583 quidquam.
627 2521 747 2582 Compare
758 2523 774 2571 i.
786 2527 823 2571 53.

170 2610 180 2639 ¹
190 2606 244 2654 The
256 2607 347 2654 minora
357 2616 436 2654 castra
447 2607 467 2654 is
478 2607 531 2654 that
540 2607 679 2656 mentioned
688 2617 712 2655 at
720 2608 762 2655 the
771 2590 818 2656 end
826 2609 854 2656 of
860 2609 930 2668 chop.
938 2612 977 2667 ³6,
986 2611 1071 2662 which

141 2666 266 2714 consisted
276 2666 305 2713 of
317 2676 366 2713 two
378 2665 480 2726 legions.

170 2753 255 2800 'That
272 2753 302 2808 is,
318 2752 379 2800 ‘ond
395 2752 454 2811 they
465 2751 512 2799 had
528 2768 559 2799 no
575 2752 650 2800 doubt
659 2754 676 2811 ς’
694 2753 794 2801 whence
808 2753 849 2801 the
860 2753 988 2816 following
998 2759 1069 2817 qaia,

141 2812 221 2861 which
233 2821 320 2860 cannot
330 2811 413 2858 follow
425 2811 485 2858 after
495 2813 585 2860 sentire
596 2812 620 2858 in
630 2813 662 2860 its
673 2813 744 2860 usual
755 2828 835 2860 sense.
894 2855 910 2869 ,

170 2902 179 2929 ⁴
190 2899 356 2960 Impedimerrta
368 2899 425 2946 here
436 2915 503 2946 seem
514 2908 540 2946 to
551 2900 581 2946 be
594 2899 635 2946 the
652 2899 763 2956 animale,
776 2900 863 2956 mules,
877 2899 958 2949 which
975 2904 1071 2955 carried

141 2957 183 3006 the
201 2960 363 3020 impedimenta
381 2961 517 3018 (baggnge),
536 2973 564 3004 so
581 2959 633 3004 that
651 2959 692 3005 the
709 2975 754 3018 qne
770 2959 813 3006 hus
834 2959 892 3019 only
909 2961 1072 3024 explanatory

141 3029 231 3076 power.
255 3017 390 3064 Stramenta
400 3017 491 3064 arethe
500 3016 582 3077 things
592 3017 652 3064 with
661 3018 741 3064 which
753 3018 794 3065 the
806 3018 884 3066 mules
895 3034 936 3066 are
948 3022 1070 3081 covered,
1106 3040 1108 3044 ·

141 3076 235 3132 thetis,
248 3076 290 3122 the
302 3075 407 3124 burdens
419 3075 478 3134 they
489 3091 567 3135 carry,
580 3091 607 3123 or
618 3076 659 3122 the
672 3079 789 3137 hsggage.

170 3162 234 3220 tto,
250 3167 291 3210 ‘us
302 3161 337 3210 far
349 3163 392 3210 as'
427 3161 546 3222 Compare
558 3163 589 3210 iv.
602 3166 624 3210 3.

170 3249 244 3298 ‘The
261 3251 341 3299 dative
354 3252 417 3318 jpgo
433 3250 454 3298 is
472 3250 513 3298 the
531 3267 598 3299 same
613 3267 639 3299 us
654 3254 686 3299 ad
701 3267 728 3300 or
739 3269 822 3300 ocreas
833 3252 932 3314 jugum,
945 3253 995 3304 ttnd
1006 3256 1073 3322 jugo

64 3351 72 3359 .
140 3309 226 3358 stands
235 3309 261 3358 in
272 3310 408 3370 appositron
418 3321 443 3357 to
455 3313 539 3368 eodem,
555 3310 676 3359 ‘thithen’
