2250 3736
113 196 153 255 66
418 216 457 256 on
479 217 575 256 annno
597 213 734 268 crcttco.

112 322 217 375 derunt.
255 324 356 377 Eorum
369 325 436 378 fines
449 324 540 378 Nervii
559 324 740 391 attingebant;
758 339 871 392 quorum
889 322 924 376 de
943 332 1030 379 nature

112 392 284 461 moribusque
304 395 484 446 Caesareum
507 403 656 461 quaereret,
678 393 717 444 sic
741 395 905 461 reperiebat:
933 395 1030 448 nulluru

111 462 214 514 aditum
228 466 297 514 esse¹
309 463 342 514 ad
357 480 402 514 eos
416 462 620 515 mercatoribus:
641 462 707 514 nihil
725 463 848 530 pativini
862 463 1031 531 reliquarum·

112 547 165 599 que
178 549 266 583 rerum
286 532 320 582 ad
340 532 472 585 luxuriam
492 532 680 600 pertinentium
702 532 798 599 inferri,
812 533 883 600 quod
904 533 937 584 iis
957 534 1030 586 rebur

112 600 315 668 relanguescere
328 602 431 653 animos
443 618 535 653 eorum
549 609 575 652 et
588 601 686 652 remitti
700 602 822 653 virtutem
842 603 1027 655 existimarent

112 670 180 722 Esse
204 671 327 722 homines
350 671 420 723 leros
442 687 612 738 magnaeque
630 669 748 722 virtutis:
774 670 931 740 increpitare
955 680 1030 741 atque

111 739 233 791 incusare
247 740 363 808 reliquos
382 740 485 808 Belgas,
499 740 554 809 qui,
566 756 595 791 se
614 739 713 808 populo
732 741 850 792 Romano
870 739 1030 796 dedidissem

129 809 279 877 atriamque
303 809 427 862 virtutem
453 808 641 879 projecissent:
672 809 839 861 confirmare²
861 826 922 861 sese
945 827 1030 879 neque

110 825 213 946 ligatos
225 879 352 930 missuros
365 896 452 947 neque
465 878 547 931 ullam
560 877 739 930 conditionem
751 879 826 998 pacis
838 887 1006 947 accepturos.

148 953 187 1000 16.
207 949 275 1000 Cum
295 965 444 1016 percorum
464 949 533 1001 fines
552 947 669 1000 triduum
689 948 739 999 iter
763 947 866 1017 ecisset,
881 947 1030 1001 inveniebat

110 1033 145 1068 ex
157 1018 281 1085 captivis³
294 1018 394 1071 Sabim⁴
406 1018 507 1070 flumen
520 1016 555 1068 ab
568 1017 662 1069 castris
678 1017 735 1069 suis
753 1033 804 1068 nou
823 1017 940 1086 amplius
961 1017 1030 1070 milia

109 1101 237 1154 passuum
250 1105 277 1140 x.
286 1088 396 1140 abesse:
411 1096 483 1139 trans
495 1086 521 1138 id
534 1087 635 1139 flumen
647 1102 741 1139 omnes
753 1087 866 1138 Nervios
878 1087 1030 1139 consedisse

108 1155 309 1225 adventumque
320 1157 355 1210 ibi
365 1158 543 1209 Romanorum
556 1165 713 1225 exspectare
725 1173 850 1208 unacum
859 1155 1030 1208 Atrebatibus

108 1232 136 1276 et
148 1225 351 1294 Veromanduis‚
362 1227 483 1279 finitimis
496 1227 552 1278 suis
563 1227 638 1296 (nam
651 1226 693 1278 his
704 1225 823 1293 utrisque
836 1232 1030 1294 persuaserant,

108 1293 147 1346 uti
159 1297 275 1347 eandem
288 1296 353 1348 belli
366 1296 498 1348 fortunam
511 1294 719 1364 experirentur):
740 1295 888 1361 exspectari
901 1295 985 1346 etiam
998 1295 1030 1348 ab

107 1362 151 1415 his
162 1363 364 1417 Aduatucorum
377 1367 468 1433 copias
479 1374 560 1434 atque
579 1381 639 1416 esse
657 1365 682 1415 in
702 1363 812 1416 itinere:
833 1364 963 1416 mulieres
975 1365 1030 1432 qui·

106 1449 159 1501 que
172 1451 220 1502 per
231 1442 348 1487 aetatem
361 1435 395 1486 ad
408 1453 525 1503 pugnam
538 1433 815 1501 inutilesviderentur‚
825 1433 852 1485 in
865 1450 929 1485 eum
942 1433 1030 1487 locutu

28 1557 31 1563 ,
106 1501 274 1572 conjecisse,l
285 1520 336 1572 quo
348 1517 454 1573 propter
467 1503 578 1573 paludes
591 1503 718 1555 exercitui
729 1501 817 1553 aditus
829 1519 882 1554 non
894 1510 977 1554 esset.

144 1577 183 1624 17.
202 1573 251 1624 His
275 1572 354 1626 rebus
374 1574 486 1641 cognitis
509 1572 688 1642 exploratores
711 1572 932 1639 centurionesque
956 1588 1030 1640 prae·

105 1642 193 1711 mittit,
208 1643 252 1710 qui
266 1643 355 1695 locum
366 1642 494 1695 idoneum
512 1643 606 1695 castris
624 1641 752 1708 deligant.
789 1642 911 1709 Cumque
931 1656 967 1693 ex
984 1641 1030 1694 de·

105 1710 202 1763 ditioiis
219 1711 309 1780 Belgis
326 1713 488 1781 reliquisque
507 1711 592 1765 Gallis
612 1711 763 1779 complures
781 1711 926 1762 Caesarem
943 1711 1030 1764 secuti

103 1795 157 1832 una
172 1781 220 1832 iter
232 1781 351 1833 facerent
373 1782 484 1850 quidam
502 1799 536 1834 ex
554 1781 603 1848 his,
615 1789 644 1832 ut
656 1788 750 1848 postea
761 1797 795 1832 ex
808 1780 922 1847 captivis
940 1780 1030 1848 cogni·

103 1856 162 1902 turn
174 1858 222 1918 est,
236 1867 328 1902 eorum
340 1821 445 1903 dierum
464 1849 654 1903 consuetudine
673 1849 776 1901 itineris
793 1851 876 1900 nostri
894 1851 1030 1903 exercitus

102 1928 251 1988 perspecta,
264 1929 342 1972 nocte
361 1920 395 1972 ad
417 1920 530 1973 Nervios
542 1928 720 1988 pervenerunt
739 1927 820 1987 atque
840 1917 883 1970 his
903 1917 1029 1971 demons-

103 1996 203 2041 trarunt
226 1988 296 2040 inter
319 1988 437 2056 singulas
460 1989 580 2057 legiones
610 1988 872 2056 impedimentorum⁶
895 2004 1029 2055 magnum

101 2073 244 2110 numerum
253 2059 425 2127 intercedere,
434 2076 522 2127 neque
533 2074 592 2109 esse
602 2059 746 2126 quicquam
753 2057 860 2124 negotii,
869 2057 1029 2126 cumprime

101 2125 171 2195 legio
190 2127 217 2180 in
234 2129 330 2180 castra⁷
347 2129 474 2196 venisset,
495 2128 664 2195 reliquaeque
683 2125 802 2193 legiones
819 2143 951 2192 magnum
968 2143 1028 2194 spa·

100 2196 168 2248 tium
186 2197 321 2265 abessent,
335 2197 405 2249 hanc
423 2196 473 2250 sub
492 2197 603 2249 sarcinis
621 2195 732 2247 adoriri:
752 2212 805 2263 qua
823 2195 900 2262 pulsa
912 2195 1028 2264 impedi·

99 2266 199 2317 mentis
217 2283 252 2318 ue
281 2265 393 2336 direptis
416 2266 541 2334 futurum,
566 2274 595 2318 ut
619 2265 736 2333 reliquae
766 2273 856 2317 contra
881 2265 1027 2317 consistere

99 2350 152 2388 non
170 2283 308 2388 adderent.
344 2334 498 2406 Adjuvabat
518 2335 602 2388 etiam
620 2351 713 2387 eorum
732 2333 881 2403 consilium,
901 2333 949 2402 qui
968 2351 1028 2387 rem

100 2445 154 2452 ,-

128 2488 137 2517 ¹
146 2486 213 2535 'rhet
224 2487 254 2545 is,
267 2506 316 2537 corr
327 2491 396 2538 licere
405 2491 473 2537 adire
482 2492 514 2537 od
524 2505 564 2538 ece
574 2489 748 2537 mercatoribus.

126 2562 136 2590 ¹
147 2560 263 2622 Namely,
277 2579 328 2619 eom·
346 2563 382 2610 sor
392 2580 445 2611 sese
454 2562 555 2623 belongs
567 2572 593 2610 to
603 2563 717 2610 missuros
734 2560 781 2608 and
791 2569 935 2622 accepturos.

126 2635 183 2682 ¹Au
195 2650 226 2682 no
237 2635 314 2684 battle
325 2635 373 2684 had
384 2638 446 2684 been
457 2635 551 2696 fought,
564 2636 635 2684 these
646 2636 735 2697 captivi
744 2633 863 2693 probably
871 2649 938 2683 were
949 2650 1023 2685 coun-

97 2701 137 2754 try
148 2694 233 2753 people
245 2695 328 2743 whom
340 2694 432 2743 Caesar
443 2695 491 2744 had
501 2695 576 2743 taken
587 2695 708 2754 prisoners
720 2709 751 2741 on
762 2693 800 2740 his
812 2693 902 2740 march.

97 2766 200 2872 le'fhe
221 2768 285 2816 river
303 2767 373 2816 Sabis
394 2766 416 2835 ig
437 2768 479 2816 the
499 2767 599 2816 modern
621 2767 732 2824 Summe,
755 2782 770 2814 a
789 2767 911 2826 tributary
932 2766 961 2815 of
982 2767 1024 2817 the

160 2842 195 2873 se.

126 2899 212 2947 ‘That
224 2900 253 2957 is,
266 2901 326 2961 they
337 2900 385 2949 had
396 2864 497 2960 quickly
507 2914 534 2947 or
545 2899 669 2960 hurriedly
680 2898 755 2947 talren
765 2913 793 2947 or
803 2907 858 2947 sent
868 2898 948 2948 them.

126 2971 310 3042 ‘Impedirnenta
321 2973 497 3043 comprehende
513 2973 639 3042 everythin
665 2973 721 3042 that
733 2988 763 3020 an
774 2988 843 3033 army
854 2973 875 3021 is
886 2973 986 3035 obliged
997 2984 1023 3023 to

96 3031 265 3147 tttttllrt
273 3034 464 3148 ‘stultiut
474 3041 779 3160 ilelhlff‘llerlncllhh
791 3032 1022 3151 hybdlllllhlld

95 3149 162 3218 who3
176 3148 248 3218 urben
266 3149 323 3198 thus
340 3151 512 3208 encumbered,
531 3167 570 3198 are
588 3151 641 3199 sard
657 3160 683 3199 to
701 3153 732 3199 be
748 3152 897 3213 impeditior
913 3169 965 3202 eree
980 3153 1022 3202 sel

96 3223 208 3256 tarenis.

125 3282 134 3310 '
144 3279 211 3329 Ther
222 3280 251 3340 is,
266 3290 291 3330 to
302 3281 344 3330 the
355 3281 425 3342 place
436 3282 519 3332 where
531 3283 572 3332 the
584 3298 654 3344 camp
666 3298 717 3334 was
728 3291 754 3333 tc
764 3285 795 3332 be
807 3276 917 3345 pz'tched.
