2250 3736
147 241 201 298 192
445 257 485 295 nu
507 257 603 295 annno
625 254 761 294 aaunrco.

143 365 300 437 praemium¹
313 366 493 417 communicat
506 362 684 432 hortaturque,
698 371 726 415 ut
745 381 774 415 se
792 362 890 415 liberos
908 370 936 414 et
957 363 1073 432 imperio

143 436 227 490 natos²
240 433 422 502 meminerint,
441 452 521 486 unam
535 450 595 484 esse
604 433 758 485 Aeduorum
770 433 916 498 civitatem,
928 449 1001 501 quae
1015 450 1073 484 cer-

142 506 274 560 tissimam
284 503 386 555 Galliae
396 505 531 555 vlotoriam
545 503 668 554 distineat
677 504 693 571 ,³
711 501 769 572 ejus
782 505 939 554 auctoritate
954 503 1074 571 reliquas

143 574 286 642 contineri,
318 590 371 641 qua
395 573 565 641 transducta*
588 572 676 623 locum
705 572 865 624 consistendi
890 573 1020 624 Romanis
1045 573 1073 624 in

143 645 231 699 Gallia
243 660 294 694 non
309 641 378 694 fore:
399 660 459 695 esse
471 641 596 695 nonnullo
609 659 637 692 se
651 643 773 694 Caesaris
785 642 916 695 beneficio
929 642 1071 709 affectum,

143 717 183 768 sic
195 723 293 780 tamen,
308 721 336 764 ut
353 711 528 780 justissimam
540 711 611 780 apud
631 729 694 763 eum
713 729 823 763 causam
834 711 978 764 obtinuerit
987 712 1006 779 5⁵
1023 711 1073 764 sed

144 785 205 855 plus
227 783 363 834 communi
390 782 505 834 libertati
517 781 648 834 tribuere:
668 797 716 832 cur
729 782 800 833 enim
819 781 907 849 potius
926 781 1018 833 Aedui
1037 781 1073 832 de

144 872 192 907 suo
209 853 268 933 jure
287 861 313 902 et
331 852 365 903 de
379 850 484 919 legibus
495 851 529 902 ad
542 851 686 902 Caesarem
698 850 912 920 disceptatorem,
926 867 1009 918 quam
1022 851 1074 904 Ro·

143 941 216 977 mani
228 922 261 973 ad
276 921 385 973 Aeduos
397 920 524 973 veniarrtl
548 920 675 973 Celeriter
687 919 901 973 adolescentibus
913 928 939 971 et
953 922 1073 972 oratione

144 994 315 1060 magistratus
333 1000 359 1043 et
377 992 495 1058 praemio
513 989 643 1059 deductis,
657 1006 739 1058 quum
758 1007 787 1040 se
799 989 852 1041 velu
864 989 1000 1058 principes
1013 990 1074 1059 ejus

144 1062 247 1115 consilii
268 1060 322 1112 fore
340 1061 531 1129 profiterentur,
545 1059 609 1110 ratio
628 1059 781 1129 perficiendi
800 1058 987 1127 quaerebatur,
1001 1059 1074 1126 quod

144 1132 282 1184 civitatem
300 1138 401 1181 temere
420 1129 453 1181 ad
474 1128 673 1196 suscipiendum
692 1128 793 1181 bellurn
811 1128 907 1179 adduci
922 1145 1001 1195 posse
1020 1146 1074 1181 non

144 1200 321 1253 consulebant.
358 1199 469 1267 Placuit,
483 1201 521 1251 uti
536 1198 668 1250 Litavicus
686 1197 783 1250 decern
801 1197 853 1248 illis
869 1197 989 1266 milibus,
1003 1215 1074 1266 quae

144 1271 251 1324 Caesari
263 1268 296 1320 ad
309 1268 410 1320 bellum
426 1269 599 1336 mitterentur,
609 1267 796 1336 praeficeretur
807 1278 887 1334 atque
901 1283 933 1318 ea
946 1267 1073 1319 ducenda

145 1348 256 1406 curaret,
270 1337 416 1406 fratresque
436 1337 495 1406 ejus
512 1337 546 1389 ad
559 1339 702 1390 Caesarem
713 1344 921 1405 praecurrerent.
958 1336 1073 1405 Reliqua

145 1426 198 1478 qua
211 1408 311 1459 ratione
324 1407 366 1474 agi
381 1408 493 1475 placeat,
507 1407 678 1459 constituunt.

181 1482 221 1529 38.
241 1477 382 1544 Litavlcus,
401 1484 512 1544 accepto
530 1475 657 1545 exercitu,
677 1491 760 1543 quum
784 1475 857 1528 milia
875 1491 1004 1542 passuum
1024 1475 1074 1526 cir·

145 1548 212 1599 citer
230 1564 294 1599 xxx.
313 1544 348 1597 ab
367 1546 498 1612 Gergovia
518 1545 633 1613 abesset,
653 1545 807 1596 convocatis
825 1543 911 1595 subito
929 1543 1072 1614 militibus,

145 1615 294 1683 lacrimans,
308 1614 367 1672 Quo
385 1615 582 1683 proficiscimur,
603 1614 695 1682 inquit,
716 1613 835 1665 militesl
870 1613 964 1665 Omnis
984 1622 1075 1666 noster

146 1686 286 1754 equitatus,
306 1685 392 1736 omnis
410 1683 533 1736 nobilitas
552 1683 663 1734 interiit:
683 1682 817 1751 principes
834 1681 957 1751 civitatis,
973 1683 1073 1751 Epore-

147 1754 213 1807 dirix
237 1761 263 1805 et
281 1753 463 1819 Virdomarus,
485 1752 629 1805 insimulati
653 1751 811 1820 proditionis,
832 1751 866 1803 ab
884 1752 1014 1804 Romanis
1033 1753 1072 1804 in·

145 1823 218 1875 dicta
236 1823 326 1874 causa⁷
344 1821 475 1874 interfecti
494 1830 563 1874 sunt.
600 1822 674 1872 Haec
694 1821 729 1873 ab
750 1821 782 1872 iis
794 1821 953 1888 cognoscite,
973 1822 1019 1889 qui
1039 1839 1074 1874 ex

145 1893 204 1962 ipsa
222 1891 306 1944 caede
325 1891 464 1958 fugerunt:
484 1909 546 1943 nam
560 1907 616 1959 ege,
631 1891 754 1942 fratribus
766 1900 846 1958 atque
865 1890 991 1942 omnibus
1003 1891 1073 1942 meis

145 1961 299 2030 propinquis
317 1960 472 2029 interfectis,
486 1960 575 2012 dolore
587 1959 735 2028 prohibeor,
749 1976 818 2027 quae
836 1969 913 2026 gesta
931 1968 1001 2027 sunt,
1014 1976 1073 2027 pro·

145 2031 281 2083 nunciare.
325 2029 506 2081 Producuntur
532 2030 557 2097 ii,
583 2046 650 2097 quos
676 2028 720 2080 ille
747 2028 897 2095 edocuerat,
922 2044 994 2096 quae
1018 2028 1074 2081 (lici

145 2100 234 2170 vellet,
254 2108 334 2167 atque
353 2098 448 2151 eadem
468 2115 537 2167 quae
556 2099 691 2151 Litavicus
708 2097 936 2165 pronunciaverat,
950 2097 1074 2150 multitu·

145 2167 202 2220 dini
226 2176 376 2236 exponunt:
402 2184 496 2220 omnes
519 2169 624 2236 equites
643 2166 798 2220 Aeduorum
816 2166 977 2234 interfectos,
998 2167 1073 2235 quod

145 2237 267 2290 collocuti
293 2255 355 2289 cum
374 2239 500 2290 Arvernis
524 2237 676 2288 dicerentur
684 2252 692 2304 5
716 2237 788 2305 ipsos
811 2253 841 2287 se
866 2236 934 2287 inter
953 2234 1074 2289 multitu·

145 2307 237 2360 dinem
254 2307 370 2359 militum
388 2306 537 2358 occultasse
556 2315 637 2374 atque
656 2323 691 2358 ex
708 2305 798 2357 media
815 2305 899 2356 caede
912 2305 1074 2374 profugisse.

175 2465 182 2490 ¹
193 2460 248 2507 The
257 2462 387 2528 praemium
397 2461 514 2520 probably
525 2460 649 2508 consisted
659 2461 685 2508 in
696 2460 738 2509 the
749 2474 839 2520 money
849 2461 882 2519 by
894 2458 975 2507 which
987 2459 1018 2507 he
1030 2475 1073 2508 eu·

146 2518 282 2567 deavoured
294 2529 318 2566 to
330 2535 385 2579 garn
397 2519 464 2567 them
476 2535 540 2567 over.

174 2591 290 2654 'Imperio
301 2600 383 2647 cotom
402 2592 454 2639 that
466 2592 495 2648 is,
508 2596 540 2640 od
550 2593 672 2654 imperium
682 2601 760 2648 notos,
773 2607 801 2639 or
813 2592 889 2639 ‘born
898 2599 924 2638 to
935 2589 1006 2638 rulo!

174 2665 324 2720 ’Diatioera
342 2665 461 2723 properly,
483 2669 522 2711 ‘to
539 2665 601 2723 keep
618 2664 745 2721 asunder3'
763 2664 839 2712 hence
853 2667 892 2710 ‘to
907 2663 1030 2723 prevent‚’
1044 2679 1074 2712 sc

146 2724 198 2771 that
210 2725 227 2771 ir
240 2726 353 2771 becomes
365 2723 452 2770 almost
464 2723 603 2781 equivalent
615 2733 639 2770 to
650 2725 762 2771 detinere.

161 2798 182 2865 ,⁴
193 2797 296 2901 Tpatis,
308 2795 342 2843 ‘if
349 2795 401 2844 that
412 2805 475 2843 state
483 2812 547 2843 were
558 2808 584 2843 to
595 2797 625 2843 be
636 2795 740 2856 brought
752 2810 810 2843 orer
819 2802 845 2842 to
856 2793 897 2842 the
908 2792 961 2842 side
973 2793 1002 2842 of
1009 2793 1072 2844 Ver·

146 2871 216 2915 crnge
228 2871 288 2903 orrrr.

174 2930 259 2977 ⁸That
276 2930 305 2985 is,
322 2930 361 2976 ‘ln
378 2928 437 2976 such
456 2945 469 2976 a
486 2945 594 2985 manner,
608 2928 730 2985 however,
743 2928 795 2977 that
813 2927 844 2976 ho
861 2927 908 2975 had
921 2927 1074 2982 maintained

145 2989 227 3036 before
244 2989 295 3035 him
313 2989 421 3043 (Caesar)
438 2988 490 3035 that
504 2988 584 3035 which
596 3004 647 3034 was
664 2988 711 3035 due
729 2997 754 3034 to
771 2987 821 3034 him
839 2986 1072 3042 (Convictolitaulst

148 3047 251 3095 Causam
261 3049 363 3095 obtinere
374 3047 394 3094 is
406 3063 420 3094 a
431 3047 531 3106 judicial
543 3056 614 3102 term,
628 3046 760 3106 signifying
773 3051 812 3093 ‘to
823 3045 880 3105 gain
890 3061 905 3092 a
916 3045 1034 3095 lawsuit.’

174 3121 184 3148 ⁶
197 3119 241 3166 Vel
256 3118 313 3166 here
325 3120 345 3167 is
359 3124 434 3166 ‘even
443 3120 459 3167 ι’
480 3121 560 3168 ‘since
578 3119 637 3178 they
648 3118 758 3166 declared
769 3118 821 3167 that
838 3117 897 3178 they
908 3119 993 3168 would
1010 3135 1073 3168 sven

145 3178 176 3225 be
188 3177 229 3224 the
240 3177 292 3224 first
304 3187 328 3224 to
340 3193 408 3237 carry
419 3178 460 3225 the
473 3179 559 3239 design
569 3179 620 3225 into
631 3177 720 3225 effect!

175 3249 286 3297 'Indicta
297 3267 377 3305 consa,
394 3251 511 3298 ‘without
523 3251 612 3310 having
623 3249 693 3298 made
704 3249 768 3297 their
778 3248 897 3306 defence‚’
911 3264 939 3298 or
952 3252 1073 3302 ‘without

146 3307 236 3370 having
246 3308 293 3356 had
304 3324 335 3355 an
345 3310 501 3370 opportunity
511 3310 539 3358 of
551 3309 680 3369 defending
691 3306 856 3357 themselves!
