<?xml version="1.0" encoding="UTF-8"?>
<!DOCTYPE html PUBLIC "-//W3C//DTD XHTML 1.0 Transitional//EN"
    "http://www.w3.org/TR/xhtml1/DTD/xhtml1-transitional.dtd">
<html xmlns="http://www.w3.org/1999/xhtml" xml:lang="en" lang="en">
 <head>
  <title>
</title>
<meta http-equiv="Content-Type" content="text/html;charset=utf-8" />
  <meta name='ocr-system' content='tesseract 3.04.00' />
  <meta name='ocr-capabilities' content='ocr_page ocr_carea ocr_par ocr_line ocrx_word'/>
</head>
<body>
  <div class='ocr_page' id='page_1' title='image "./commentariidebe00caesgoog_0103.png"; bbox 0 0 2250 3736; ppageno 0'>
   <div class='ocr_carea' id='block_1_1' title="bbox 98 243 721 303">
    <p class='ocr_par' dir='ltr' id='par_1_1' title="bbox 98 243 721 303">
     <span class='ocr_line' id='line_1_1' title="bbox 98 243 721 303; baseline -0.005 0"><span class='ocrx_word' id='word_1_1' title='bbox 98 243 137 303; x_wconf 74' lang='lat'>94</span> <span class='ocrx_word' id='word_1_2' title='bbox 404 258 446 299; x_wconf 77' lang='lat' dir='ltr'>uu</span> <span class='ocrx_word' id='word_1_3' title='bbox 467 259 565 299; x_wconf 77' lang='lat' dir='ltr'>annno</span> <span class='ocrx_word' id='word_1_4' title='bbox 584 256 721 300; x_wconf 76' lang='lat' dir='ltr'>eunuco.</span> 
     </span>
    </p>
   </div>
   <div class='ocr_carea' id='block_1_2' title="bbox 97 365 986 2669">
    <p class='ocr_par' dir='ltr' id='par_1_2' title="bbox 97 365 985 1761">
     <span class='ocr_line' id='line_1_2' title="bbox 133 365 985 437; baseline -0.004 -15"><span class='ocrx_word' id='word_1_5' title='bbox 133 374 158 422; x_wconf 78' lang='lat'>4.</span> <span class='ocrx_word' id='word_1_6' title='bbox 178 369 208 422; x_wconf 93' lang='lat' dir='ltr'>In</span> <span class='ocrx_word' id='word_1_7' title='bbox 221 368 318 421; x_wconf 90' lang='lat' dir='ltr'>eadem</span> <span class='ocrx_word' id='word_1_8' title='bbox 331 369 421 421; x_wconf 86' lang='lat' dir='ltr'>causa¹</span> <span class='ocrx_word' id='word_1_9' title='bbox 430 365 537 420; x_wconf 89' lang='lat' dir='ltr'>suerunt</span> <span class='ocrx_word' id='word_1_10' title='bbox 546 368 672 436; x_wconf 81' lang='lat' dir='ltr'>Usipetes</span> <span class='ocrx_word' id='word_1_11' title='bbox 685 374 712 419; x_wconf 90' lang='lat' dir='ltr'>et</span> <span class='ocrx_word' id='word_1_12' title='bbox 724 366 858 436; x_wconf 80' lang='lat' dir='ltr'>Tencteri,</span> <span class='ocrx_word' id='word_1_13' title='bbox 869 383 936 437; x_wconf 86' lang='lat' dir='ltr'>quos</span> <span class='ocrx_word' id='word_1_14' title='bbox 947 383 985 436; x_wconf 84' lang='lat' dir='ltr'>su]</span> 
     </span>
     <span class='ocr_line' id='line_1_3' title="bbox 98 438 985 507; baseline -0.005 -16"><span class='ocrx_word' id='word_1_15' title='bbox 98 439 225 507; x_wconf 80' lang='lat' dir='ltr'>diximus,</span> <span class='ocrx_word' id='word_1_16' title='bbox 246 440 290 507; x_wconf 92' lang='lat' dir='ltr'>qui</span> <span class='ocrx_word' id='word_1_17' title='bbox 313 438 466 507; x_wconf 84' lang='lat' dir='ltr'>complures</span> <span class='ocrx_word' id='word_1_18' title='bbox 485 455 568 489; x_wconf 86' lang='lat' dir='ltr'>annos</span> <span class='ocrx_word' id='word_1_19' title='bbox 587 438 735 490; x_wconf 84' lang='lat' dir='ltr'>Suevorum</span> <span class='ocrx_word' id='word_1_20' title='bbox 756 438 811 489; x_wconf 92' lang='lat' dir='ltr'>vim</span> <span class='ocrx_word' id='word_1_21' title='bbox 831 438 985 489; x_wconf 86' lang='lat' dir='ltr'>sustinuerur</span> 
     </span>
     <span class='ocr_line' id='line_1_4' title="bbox 99 506 985 579; baseline -0.003 -19"><span class='ocrx_word' id='word_1_22' title='bbox 99 509 131 561; x_wconf 88' lang='lat' dir='ltr'>ad</span> <span class='ocrx_word' id='word_1_23' title='bbox 146 518 299 579; x_wconf 74' lang='lat' dir='ltr'>extremum¹</span> <span class='ocrx_word' id='word_1_24' title='bbox 316 517 405 559; x_wconf 89' lang='lat' dir='ltr'>tamen</span> <span class='ocrx_word' id='word_1_25' title='bbox 419 508 491 575; x_wconf 83' lang='lat' dir='ltr'>agris</span> <span class='ocrx_word' id='word_1_26' title='bbox 508 507 612 576; x_wconf 82' lang='lat' dir='ltr'>expulsi</span> <span class='ocrx_word' id='word_1_27' title='bbox 631 516 658 559; x_wconf 87' lang='lat' dir='ltr'>et</span> <span class='ocrx_word' id='word_1_28' title='bbox 676 506 769 560; x_wconf 91' lang='lat' dir='ltr'>multis</span> <span class='ocrx_word' id='word_1_29' title='bbox 788 507 853 559; x_wconf 88' lang='lat' dir='ltr'>locis</span> <span class='ocrx_word' id='word_1_30' title='bbox 866 506 985 559; x_wconf 85' lang='lat' dir='ltr'>Germani</span> 
     </span>
     <span class='ocr_line' id='line_1_5' title="bbox 99 576 985 646; baseline -0.003 -16"><span class='ocrx_word' id='word_1_31' title='bbox 99 579 243 630; x_wconf 81' lang='lat' dir='ltr'>triennium</span> <span class='ocrx_word' id='word_1_32' title='bbox 267 578 356 645; x_wconf 86' lang='lat' dir='ltr'>vagati</span> <span class='ocrx_word' id='word_1_33' title='bbox 380 577 414 629; x_wconf 91' lang='lat' dir='ltr'>ad</span> <span class='ocrx_word' id='word_1_34' title='bbox 438 577 561 630; x_wconf 86' lang='lat' dir='ltr'><strong>Rhenum</strong></span> <span class='ocrx_word' id='word_1_35' title='bbox 590 586 786 646; x_wconf 85' lang='lat' dir='ltr'>pervenerunt;</span> <span class='ocrx_word' id='word_1_36' title='bbox 814 594 882 644; x_wconf 92' lang='lat' dir='ltr'>quas</span> <span class='ocrx_word' id='word_1_37' title='bbox 906 576 985 644; x_wconf 89' lang='lat' dir='ltr'>regior</span> 
     </span>
     <span class='ocr_line' id='line_1_6' title="bbox 99 646 985 716; baseline -0.01 -13"><span class='ocrx_word' id='word_1_38' title='bbox 99 647 220 716; x_wconf 90' lang='lat' dir='ltr'>Menapii</span> <span class='ocrx_word' id='word_1_39' title='bbox 249 647 399 699; x_wconf 81' lang='lat' dir='ltr'>incolebant</span> <span class='ocrx_word' id='word_1_40' title='bbox 423 656 450 698; x_wconf 90' lang='lat' dir='ltr'>et</span> <span class='ocrx_word' id='word_1_41' title='bbox 473 646 507 698; x_wconf 89' lang='lat' dir='ltr'>ad</span> <span class='ocrx_word' id='word_1_42' title='bbox 533 655 673 716; x_wconf 86' lang='lat' dir='ltr'>utramque</span> <span class='ocrx_word' id='word_1_43' title='bbox 695 647 781 714; x_wconf 85' lang='lat' dir='ltr'>ripam</span> <span class='ocrx_word' id='word_1_44' title='bbox 806 646 925 699; x_wconf 77' lang='lat' dir='ltr'>fluminis</span> <span class='ocrx_word' id='word_1_45' title='bbox 941 662 985 711; x_wconf 79' lang='lat' dir='ltr'>agr</span> 
     </span>
     <span class='ocr_line' id='line_1_7' title="bbox 99 714 984 785; baseline -0.005 -16"><span class='ocrx_word' id='word_1_46' title='bbox 99 717 223 769; x_wconf 87' lang='lat' dir='ltr'>aedificia</span> <span class='ocrx_word' id='word_1_47' title='bbox 241 718 368 785; x_wconf 86' lang='lat' dir='ltr'>vicosque</span> <span class='ocrx_word' id='word_1_48' title='bbox 387 716 540 785; x_wconf 68' lang='lat' dir='ltr'>habebant,</span> <span class='ocrx_word' id='word_1_49' title='bbox 564 715 611 768; x_wconf 91' lang='lat' dir='ltr'>sed</span> <span class='ocrx_word' id='word_1_50' title='bbox 636 723 726 768; x_wconf 82' lang='lat' dir='ltr'>tantae</span> <span class='ocrx_word' id='word_1_51' title='bbox 751 715 931 769; x_wconf 83' lang='lat' dir='ltr'>multitudinis</span> <span class='ocrx_word' id='word_1_52' title='bbox 952 714 984 766; x_wconf 91' lang='lat' dir='ltr'>ad</span> 
     </span>
     <span class='ocr_line' id='line_1_8' title="bbox 100 785 985 858; baseline -0.002 -20"><span class='ocrx_word' id='word_1_53' title='bbox 100 788 229 858; x_wconf 80' lang='lat' dir='ltr'>perterriti</span> <span class='ocrx_word' id='word_1_54' title='bbox 253 804 287 839; x_wconf 85' lang='lat' dir='ltr'>ex</span> <span class='ocrx_word' id='word_1_55' title='bbox 316 786 358 839; x_wconf 90' lang='lat' dir='ltr'>his</span> <span class='ocrx_word' id='word_1_56' title='bbox 383 785 520 855; x_wconf 85' lang='lat' dir='ltr'>aedificiis,</span> <span class='ocrx_word' id='word_1_57' title='bbox 545 803 615 855; x_wconf 89' lang='lat' dir='ltr'>quae</span> <span class='ocrx_word' id='word_1_58' title='bbox 639 795 711 837; x_wconf 87' lang='lat' dir='ltr'>trans</span> <span class='ocrx_word' id='word_1_59' title='bbox 739 786 841 838; x_wconf 88' lang='lat' dir='ltr'>flumen</span> <span class='ocrx_word' id='word_1_60' title='bbox 871 785 985 838; x_wconf 85' lang='lat' dir='ltr'>habuere</span> 
     </span>
     <span class='ocr_line' id='line_1_9' title="bbox 101 842 985 925; baseline -0.003 -17"><span class='ocrx_word' id='word_1_61' title='bbox 101 857 317 924; x_wconf 87' lang='lat' dir='ltr'>demigraverunt</span> <span class='ocrx_word' id='word_1_62' title='bbox 334 864 361 908; x_wconf 91' lang='lat' dir='ltr'>et</span> <span class='ocrx_word' id='word_1_63' title='bbox 380 857 418 907; x_wconf 89' lang='lat' dir='ltr'>cis</span> <span class='ocrx_word' id='word_1_64' title='bbox 430 856 553 908; x_wconf 89' lang='lat' dir='ltr'>Rhenum</span> <span class='ocrx_word' id='word_1_65' title='bbox 573 857 706 924; x_wconf 80' lang='lat' dir='ltr'>dispositis</span> <span class='ocrx_word' id='word_1_66' title='bbox 723 856 864 925; x_wconf 79' lang='lat' dir='ltr'>praesidiis</span> <span class='ocrx_word' id='word_1_67' title='bbox 881 842 985 908; x_wconf 73' lang='lat' dir='ltr'>Germa}</span> 
     </span>
     <span class='ocr_line' id='line_1_10' title="bbox 101 925 975 996; baseline -0.003 -18"><span class='ocrx_word' id='word_1_68' title='bbox 101 927 212 979; x_wconf 81' lang='lat' dir='ltr'>transire</span> <span class='ocrx_word' id='word_1_69' title='bbox 236 925 420 996; x_wconf 84' lang='lat' dir='ltr'>prohibebant.</span> <span class='ocrx_word' id='word_1_70' title='bbox 469 925 517 993; x_wconf 87' lang='lat' dir='ltr'>Illi,</span> <span class='ocrx_word' id='word_1_71' title='bbox 546 928 637 978; x_wconf 91' lang='lat' dir='ltr'>omnia</span> <span class='ocrx_word' id='word_1_72' title='bbox 663 927 773 995; x_wconf 84' lang='lat' dir='ltr'>experti,</span> <span class='ocrx_word' id='word_1_73' title='bbox 800 943 864 978; x_wconf 90' lang='lat' dir='ltr'>cum</span> <span class='ocrx_word' id='word_1_74' title='bbox 890 940 975 994; x_wconf 86' lang='lat' dir='ltr'>nequa</span> 
     </span>
     <span class='ocr_line' id='line_1_11' title="bbox 100 995 985 1064; baseline -0.005 -16"><span class='ocrx_word' id='word_1_75' title='bbox 100 996 262 1048; x_wconf 79' lang='lat' dir='ltr'>contendere</span> <span class='ocrx_word' id='word_1_76' title='bbox 275 1007 380 1064; x_wconf 90' lang='lat' dir='ltr'>propter</span> <span class='ocrx_word' id='word_1_77' title='bbox 393 996 512 1064; x_wconf 91' lang='lat' dir='ltr'>inopiam</span> <span class='ocrx_word' id='word_1_78' title='bbox 524 996 634 1047; x_wconf 88' lang='lat' dir='ltr'>navium</span> <span class='ocrx_word' id='word_1_79' title='bbox 646 1012 735 1063; x_wconf 90' lang='lat' dir='ltr'>neque</span> <span class='ocrx_word' id='word_1_80' title='bbox 748 995 820 1048; x_wconf 89' lang='lat' dir='ltr'>clam</span> <span class='ocrx_word' id='word_1_81' title='bbox 832 995 940 1048; x_wconf 90' lang='lat' dir='ltr'>transire</span> <span class='ocrx_word' id='word_1_82' title='bbox 952 1010 985 1062; x_wconf 84' lang='lat' dir='ltr'>pn</span> 
     </span>
     <span class='ocr_line' id='line_1_12' title="bbox 101 1063 976 1134; baseline -0.005 -16"><span class='ocrx_word' id='word_1_83' title='bbox 101 1073 142 1118; x_wconf 84' lang='lat' dir='ltr'>ter</span> <span class='ocrx_word' id='word_1_84' title='bbox 154 1065 289 1118; x_wconf 85' lang='lat' dir='ltr'>custodias</span> <span class='ocrx_word' id='word_1_85' title='bbox 301 1066 489 1133; x_wconf 84' lang='lat' dir='ltr'>Menapiorum</span> <span class='ocrx_word' id='word_1_86' title='bbox 501 1074 617 1134; x_wconf 84' lang='lat' dir='ltr'>possent,</span> <span class='ocrx_word' id='word_1_87' title='bbox 631 1066 727 1118; x_wconf 85' lang='lat' dir='ltr'>reverti</span> <span class='ocrx_word' id='word_1_88' title='bbox 741 1082 770 1116; x_wconf 91' lang='lat' dir='ltr'>se</span> <span class='ocrx_word' id='word_1_89' title='bbox 783 1067 809 1118; x_wconf 93' lang='lat' dir='ltr'>in</span> <span class='ocrx_word' id='word_1_90' title='bbox 823 1082 886 1118; x_wconf 89' lang='lat' dir='ltr'>suas</span> <span class='ocrx_word' id='word_1_91' title='bbox 898 1063 976 1116; x_wconf 86' lang='lat' dir='ltr'>sedes</span> 
     </span>
     <span class='ocr_line' id='line_1_13' title="bbox 100 1133 968 1204; baseline -0.001 -18"><span class='ocrx_word' id='word_1_92' title='bbox 100 1136 248 1204; x_wconf 88' lang='lat' dir='ltr'>gionesque</span> <span class='ocrx_word' id='word_1_93' title='bbox 270 1135 470 1204; x_wconf 87' lang='lat' dir='ltr'>simulaverunt,</span> <span class='ocrx_word' id='word_1_94' title='bbox 490 1144 516 1187; x_wconf 90' lang='lat' dir='ltr'>et</span> <span class='ocrx_word' id='word_1_95' title='bbox 538 1133 616 1187; x_wconf 90' lang='lat' dir='ltr'>tridui</span> <span class='ocrx_word' id='word_1_96' title='bbox 634 1135 707 1187; x_wconf 87' lang='lat' dir='ltr'>viam</span> <span class='ocrx_word' id='word_1_97' title='bbox 727 1136 859 1203; x_wconf 87' lang='lat' dir='ltr'>progressi</span> <span class='ocrx_word' id='word_1_98' title='bbox 880 1151 968 1186; x_wconf 85' lang='lat' dir='ltr'>rursus</span> 
     </span>
     <span class='ocr_line' id='line_1_14' title="bbox 101 1202 985 1274; baseline -0.002 -17"><span class='ocrx_word' id='word_1_99' title='bbox 101 1214 236 1258; x_wconf 88' lang='lat' dir='ltr'>verterunt</span> <span class='ocrx_word' id='word_1_100' title='bbox 249 1213 330 1274; x_wconf 90' lang='lat' dir='ltr'>atque</span> <span class='ocrx_word' id='word_1_101' title='bbox 342 1208 414 1256; x_wconf 89' lang='lat' dir='ltr'>omni</span> <span class='ocrx_word' id='word_1_102' title='bbox 428 1204 479 1257; x_wconf 89' lang='lat' dir='ltr'>hoc</span> <span class='ocrx_word' id='word_1_103' title='bbox 497 1205 592 1256; x_wconf 89' lang='lat' dir='ltr'>itinere</span> <span class='ocrx_word' id='word_1_104' title='bbox 606 1221 659 1257; x_wconf 90' lang='lat' dir='ltr'>una</span> <span class='ocrx_word' id='word_1_105' title='bbox 677 1215 755 1257; x_wconf 86' lang='lat' dir='ltr'>nocte</span> <span class='ocrx_word' id='word_1_106' title='bbox 768 1205 889 1274; x_wconf 91' lang='lat' dir='ltr'>equitatu</span> <span class='ocrx_word' id='word_1_107' title='bbox 908 1202 985 1256; x_wconf 88' lang='lat' dir='ltr'>coufe</span> 
     </span>
     <span class='ocr_line' id='line_1_15' title="bbox 102 1273 985 1344; baseline 0 -18"><span class='ocrx_word' id='word_1_108' title='bbox 102 1275 201 1327; x_wconf 90' lang='lat' dir='ltr'>inscios</span> <span class='ocrx_word' id='word_1_109' title='bbox 224 1275 447 1343; x_wconf 88' lang='lat' dir='ltr'>inopinantesque</span> <span class='ocrx_word' id='word_1_110' title='bbox 466 1275 609 1343; x_wconf 90' lang='lat' dir='ltr'>Menapios</span> <span class='ocrx_word' id='word_1_111' title='bbox 629 1283 825 1343; x_wconf 85' lang='lat' dir='ltr'>oppresserunt,</span> <span class='ocrx_word' id='word_1_112' title='bbox 845 1274 893 1344; x_wconf 92' lang='lat' dir='ltr'>qui</span> <span class='ocrx_word' id='word_1_113' title='bbox 910 1273 944 1325; x_wconf 90' lang='lat' dir='ltr'>de</span> <span class='ocrx_word' id='word_1_114' title='bbox 963 1273 985 1326; x_wconf 85' lang='lat' dir='ltr'>G</span> 
     </span>
     <span class='ocr_line' id='line_1_16' title="bbox 100 1344 980 1412; baseline -0.001 -16"><span class='ocrx_word' id='word_1_115' title='bbox 100 1361 241 1397; x_wconf 88' lang='lat' dir='ltr'>manorum</span> <span class='ocrx_word' id='word_1_116' title='bbox 260 1345 380 1396; x_wconf 83' lang='lat' dir='ltr'>discessu</span> <span class='ocrx_word' id='word_1_117' title='bbox 393 1361 441 1412; x_wconf 85' lang='lat' dir='ltr'>per</span> <span class='ocrx_word' id='word_1_118' title='bbox 458 1344 637 1412; x_wconf 87' lang='lat' dir='ltr'>exploratores</span> <span class='ocrx_word' id='word_1_119' title='bbox 654 1344 781 1397; x_wconf 89' lang='lat' dir='ltr'>certiores</span> <span class='ocrx_word' id='word_1_120' title='bbox 799 1344 862 1396; x_wconf 82' lang='lat' dir='ltr'>iacti</span> <span class='ocrx_word' id='word_1_121' title='bbox 879 1344 937 1396; x_wconf 87' lang='lat' dir='ltr'>sine</span> <span class='ocrx_word' id='word_1_122' title='bbox 955 1360 980 1395; x_wconf 87' lang='lat' dir='ltr'>m</span> 
     </span>
     <span class='ocr_line' id='line_1_17' title="bbox 97 1412 985 1482; baseline -0.002 -18"><span class='ocrx_word' id='word_1_123' title='bbox 97 1422 173 1477; x_wconf 86' lang='lat' dir='ltr'>trans</span> <span class='ocrx_word' id='word_1_124' title='bbox 192 1415 317 1466; x_wconf 87' lang='lat' dir='ltr'>Rhenum</span> <span class='ocrx_word' id='word_1_125' title='bbox 334 1413 361 1466; x_wconf 93' lang='lat' dir='ltr'>in</span> <span class='ocrx_word' id='word_1_126' title='bbox 382 1431 445 1466; x_wconf 90' lang='lat' dir='ltr'>suos</span> <span class='ocrx_word' id='word_1_127' title='bbox 465 1415 538 1466; x_wconf 88' lang='lat' dir='ltr'>vicos</span> <span class='ocrx_word' id='word_1_128' title='bbox 559 1413 776 1482; x_wconf 81' lang='lat' dir='ltr'>remigraveran-t.</span> <span class='ocrx_word' id='word_1_129' title='bbox 817 1414 866 1467; x_wconf 94' lang='lat' dir='ltr'>His</span> <span class='ocrx_word' id='word_1_130' title='bbox 885 1412 985 1465; x_wconf 76' lang='lat' dir='ltr'>interiet</span> 
     </span>
     <span class='ocr_line' id='line_1_18' title="bbox 101 1483 985 1553; baseline -0.001 -18"><span class='ocrx_word' id='word_1_131' title='bbox 101 1484 270 1551; x_wconf 86' lang='lat' dir='ltr'>navibusque</span> <span class='ocrx_word' id='word_1_132' title='bbox 284 1500 377 1535; x_wconf 89' lang='lat' dir='ltr'>eorum</span> <span class='ocrx_word' id='word_1_133' title='bbox 388 1485 534 1552; x_wconf 87' lang='lat' dir='ltr'>occupatis,</span> <span class='ocrx_word' id='word_1_134' title='bbox 545 1483 701 1553; x_wconf 87' lang='lat' dir='ltr'>priusquam</span> <span class='ocrx_word' id='word_1_135' title='bbox 714 1501 747 1535; x_wconf 88' lang='lat' dir='ltr'>ea</span> <span class='ocrx_word' id='word_1_136' title='bbox 759 1500 821 1553; x_wconf 88' lang='lat' dir='ltr'>pars</span> <span class='ocrx_word' id='word_1_137' title='bbox 833 1483 985 1552; x_wconf 82' lang='lat' dir='ltr'>Menapiort</span> 
     </span>
     <span class='ocr_line' id='line_1_19' title="bbox 100 1552 985 1622; baseline 0 -18"><span class='ocrx_word' id='word_1_138' title='bbox 100 1569 171 1621; x_wconf 90' lang='lat' dir='ltr'>quae</span> <span class='ocrx_word' id='word_1_139' title='bbox 184 1555 251 1605; x_wconf 89' lang='lat' dir='ltr'>citra</span> <span class='ocrx_word' id='word_1_140' title='bbox 263 1553 387 1605; x_wconf 89' lang='lat' dir='ltr'>Rhenum</span> <span class='ocrx_word' id='word_1_141' title='bbox 400 1554 492 1622; x_wconf 86' lang='lat' dir='ltr'>quieta</span> <span class='ocrx_word' id='word_1_142' title='bbox 510 1555 536 1606; x_wconf 91' lang='lat' dir='ltr'>in</span> <span class='ocrx_word' id='word_1_143' title='bbox 555 1554 611 1605; x_wconf 85' lang='lat' dir='ltr'>suis</span> <span class='ocrx_word' id='word_1_144' title='bbox 629 1553 740 1606; x_wconf 88' lang='lat' dir='ltr'>sedibus</span> <span class='ocrx_word' id='word_1_145' title='bbox 758 1562 823 1621; x_wconf 86' lang='lat' dir='ltr'>erat,</span> <span class='ocrx_word' id='word_1_146' title='bbox 837 1553 933 1605; x_wconf 88' lang='lat' dir='ltr'>certior</span> <span class='ocrx_word' id='word_1_147' title='bbox 944 1552 985 1605; x_wconf 88' lang='lat' dir='ltr'>fier</span> 
     </span>
     <span class='ocr_line' id='line_1_20' title="bbox 100 1623 985 1692; baseline -0.001 -17"><span class='ocrx_word' id='word_1_148' title='bbox 100 1623 203 1675; x_wconf 88' lang='lat' dir='ltr'>flumen</span> <span class='ocrx_word' id='word_1_149' title='bbox 217 1624 376 1675; x_wconf 86' lang='lat' dir='ltr'>transierunt</span> <span class='ocrx_word' id='word_1_150' title='bbox 394 1632 475 1691; x_wconf 86' lang='lat' dir='ltr'>atque</span> <span class='ocrx_word' id='word_1_151' title='bbox 494 1623 619 1675; x_wconf 86' lang='lat' dir='ltr'>omnibus</span> <span class='ocrx_word' id='word_1_152' title='bbox 636 1640 729 1675; x_wconf 87' lang='lat' dir='ltr'>eorum</span> <span class='ocrx_word' id='word_1_153' title='bbox 744 1623 877 1676; x_wconf 87' lang='lat' dir='ltr'>aedificiis</span> <span class='ocrx_word' id='word_1_154' title='bbox 894 1638 985 1692; x_wconf 84' lang='lat' dir='ltr'>occupr</span> 
     </span>
     <span class='ocr_line' id='line_1_21' title="bbox 101 1692 848 1761; baseline 0 -17"><span class='ocrx_word' id='word_1_155' title='bbox 101 1692 233 1761; x_wconf 87' lang='lat' dir='ltr'>reliquam</span> <span class='ocrx_word' id='word_1_156' title='bbox 245 1702 349 1761; x_wconf 90' lang='lat' dir='ltr'>partem</span> <span class='ocrx_word' id='word_1_157' title='bbox 363 1692 460 1744; x_wconf 90' lang='lat' dir='ltr'>hiemis</span> <span class='ocrx_word' id='word_1_158' title='bbox 472 1710 501 1745; x_wconf 90' lang='lat' dir='ltr'>se</span> <span class='ocrx_word' id='word_1_159' title='bbox 515 1710 608 1745; x_wconf 93' lang='lat' dir='ltr'>eorum</span> <span class='ocrx_word' id='word_1_160' title='bbox 620 1692 703 1761; x_wconf 92' lang='lat' dir='ltr'>copiis</span> <span class='ocrx_word' id='word_1_161' title='bbox 715 1692 848 1745; x_wconf 91' lang='lat' dir='ltr'>aluerunt.</span> 
     </span>
    </p>

    <p class='ocr_par' dir='ltr' id='par_1_3' title="bbox 99 1761 986 2597">
     <span class='ocr_line' id='line_1_22' title="bbox 136 1761 983 1815; baseline -0.002 -1"><span class='ocrx_word' id='word_1_162' title='bbox 136 1767 159 1814; x_wconf 83' lang='lat'>5.</span> <span class='ocrx_word' id='word_1_163' title='bbox 186 1763 233 1814; x_wconf 87' lang='lat' dir='ltr'>His</span> <span class='ocrx_word' id='word_1_164' title='bbox 263 1763 297 1814; x_wconf 90' lang='lat' dir='ltr'>de</span> <span class='ocrx_word' id='word_1_165' title='bbox 329 1762 409 1814; x_wconf 91' lang='lat' dir='ltr'>rebus</span> <span class='ocrx_word' id='word_1_166' title='bbox 435 1763 534 1815; x_wconf 89' lang='lat' dir='ltr'>Caesar</span> <span class='ocrx_word' id='word_1_167' title='bbox 563 1762 659 1814; x_wconf 87' lang='lat' dir='ltr'>certior</span> <span class='ocrx_word' id='word_1_168' title='bbox 687 1761 824 1814; x_wconf 67' lang='lat' dir='ltr'>factus&#39;et</span> <span class='ocrx_word' id='word_1_169' title='bbox 849 1761 983 1815; x_wconf 84' lang='lat' dir='ltr'>infirmitat</span> 
     </span>
     <span class='ocr_line' id='line_1_23' title="bbox 100 1831 986 1900; baseline 0 -17"><span class='ocrx_word' id='word_1_170' title='bbox 100 1831 240 1884; x_wconf 88' lang='lat' dir='ltr'>Gallorum</span> <span class='ocrx_word' id='word_1_171' title='bbox 263 1833 371 1900; x_wconf 83' lang='lat' dir='ltr'>veritus,</span> <span class='ocrx_word' id='word_1_172' title='bbox 394 1832 464 1900; x_wconf 91' lang='lat' dir='ltr'>quod</span> <span class='ocrx_word' id='word_1_173' title='bbox 488 1833 595 1884; x_wconf 90' lang='lat' dir='ltr'>suntin</span> <span class='ocrx_word' id='word_1_174' title='bbox 616 1832 734 1884; x_wconf 91' lang='lat' dir='ltr'>consiliis</span> <span class='ocrx_word' id='word_1_175' title='bbox 757 1832 896 1900; x_wconf 87' lang='lat' dir='ltr'>capiendis</span> <span class='ocrx_word' id='word_1_176' title='bbox 916 1831 986 1884; x_wconf 89' lang='lat' dir='ltr'>mobi</span> 
     </span>
     <span class='ocr_line' id='line_1_24' title="bbox 100 1900 985 1970; baseline 0 -18"><span class='ocrx_word' id='word_1_177' title='bbox 100 1911 126 1954; x_wconf 86' lang='lat' dir='ltr'>et</span> <span class='ocrx_word' id='word_1_178' title='bbox 147 1903 222 1953; x_wconf 92' lang='lat' dir='ltr'>novis</span> <span class='ocrx_word' id='word_1_179' title='bbox 242 1901 400 1970; x_wconf 89' lang='lat' dir='ltr'>plerumque</span> <span class='ocrx_word' id='word_1_180' title='bbox 420 1902 500 1955; x_wconf 90' lang='lat' dir='ltr'>rebus</span> <span class='ocrx_word' id='word_1_181' title='bbox 519 1902 635 1969; x_wconf 86' lang='lat' dir='ltr'>student,</span> <span class='ocrx_word' id='word_1_182' title='bbox 649 1901 714 1953; x_wconf 86' lang='lat' dir='ltr'>nihil</span> <span class='ocrx_word' id='word_1_183' title='bbox 736 1902 778 1954; x_wconf 90' lang='lat' dir='ltr'>his</span> <span class='ocrx_word' id='word_1_184' title='bbox 799 1900 985 1954; x_wconf 77' lang='lat' dir='ltr'>committendi·</span> 
     </span>
     <span class='ocr_line' id='line_1_25' title="bbox 100 1970 983 2040; baseline 0 -18"><span class='ocrx_word' id='word_1_185' title='bbox 100 1971 273 2024; x_wconf 87' lang='lat' dir='ltr'>existimavit.</span> <span class='ocrx_word' id='word_1_186' title='bbox 311 1972 359 2024; x_wconf 88' lang='lat' dir='ltr'>Est</span> <span class='ocrx_word' id='word_1_187' title='bbox 383 1980 476 2023; x_wconf 89' lang='lat' dir='ltr'>autem</span> <span class='ocrx_word' id='word_1_188' title='bbox 499 1971 551 2024; x_wconf 87' lang='lat' dir='ltr'>hoc</span> <span class='ocrx_word' id='word_1_189' title='bbox 570 1971 692 2024; x_wconf 86' lang='lat' dir='ltr'>Gallicae</span> <span class='ocrx_word' id='word_1_190' title='bbox 713 1971 923 2040; x_wconf 78' lang='lat' dir='ltr'>consuetudinis,</span> <span class='ocrx_word' id='word_1_191' title='bbox 946 1970 983 2024; x_wconf 89' lang='lat' dir='ltr'>uti</span> 
     </span>
     <span class='ocr_line' id='line_1_26' title="bbox 100 2040 985 2111; baseline 0 -19"><span class='ocrx_word' id='word_1_192' title='bbox 100 2041 216 2092; x_wconf 87' lang='lat' dir='ltr'>viatores</span> <span class='ocrx_word' id='word_1_193' title='bbox 240 2041 324 2093; x_wconf 87' lang='lat' dir='ltr'>etiam</span> <span class='ocrx_word' id='word_1_194' title='bbox 354 2041 451 2093; x_wconf 90' lang='lat' dir='ltr'>invitos</span> <span class='ocrx_word' id='word_1_195' title='bbox 478 2042 624 2094; x_wconf 88' lang='lat' dir='ltr'>consistere</span> <span class='ocrx_word' id='word_1_196' title='bbox 652 2050 748 2109; x_wconf 84' lang='lat' dir='ltr'>cogant</span> <span class='ocrx_word' id='word_1_197' title='bbox 772 2051 799 2094; x_wconf 86' lang='lat' dir='ltr'>et</span> <span class='ocrx_word' id='word_1_198' title='bbox 823 2041 892 2110; x_wconf 93' lang='lat' dir='ltr'>quod</span> <span class='ocrx_word' id='word_1_199' title='bbox 917 2040 985 2111; x_wconf 74' lang='lat' dir='ltr'>quis(</span> 
     </span>
     <span class='ocr_line' id='line_1_27' title="bbox 99 2110 980 2181; baseline 0.001 -20"><span class='ocrx_word' id='word_1_200' title='bbox 99 2127 190 2162; x_wconf 88' lang='lat' dir='ltr'>eorum</span> <span class='ocrx_word' id='word_1_201' title='bbox 214 2110 249 2162; x_wconf 89' lang='lat' dir='ltr'>de</span> <span class='ocrx_word' id='word_1_202' title='bbox 273 2127 379 2179; x_wconf 87' lang='lat' dir='ltr'>quaque</span> <span class='ocrx_word' id='word_1_203' title='bbox 404 2128 431 2162; x_wconf 89' lang='lat' dir='ltr'>re</span> <span class='ocrx_word' id='word_1_204' title='bbox 455 2112 568 2163; x_wconf 90' lang='lat' dir='ltr'>audierit</span> <span class='ocrx_word' id='word_1_205' title='bbox 591 2119 638 2163; x_wconf 89' lang='lat' dir='ltr'>ant</span> <span class='ocrx_word' id='word_1_206' title='bbox 662 2112 820 2181; x_wconf 87' lang='lat' dir='ltr'>cognoverit,</span> <span class='ocrx_word' id='word_1_207' title='bbox 842 2119 980 2181; x_wconf 86' lang='lat' dir='ltr'>quaerant,</span> 
     </span>
     <span class='ocr_line' id='line_1_28' title="bbox 99 2180 967 2250; baseline 0.002 -19"><span class='ocrx_word' id='word_1_208' title='bbox 99 2189 262 2232; x_wconf 85' lang='lat' dir='ltr'>mercatores</span> <span class='ocrx_word' id='word_1_209' title='bbox 290 2180 316 2232; x_wconf 91' lang='lat' dir='ltr'>in</span> <span class='ocrx_word' id='word_1_210' title='bbox 347 2181 451 2249; x_wconf 89' lang='lat' dir='ltr'>oppidis</span> <span class='ocrx_word' id='word_1_211' title='bbox 482 2181 577 2248; x_wconf 80' lang='lat' dir='ltr'>vulgus</span> <span class='ocrx_word' id='word_1_212' title='bbox 606 2181 784 2233; x_wconf 88' lang='lat' dir='ltr'>circumsistat</span> <span class='ocrx_word' id='word_1_213' title='bbox 814 2180 967 2250; x_wconf 87' lang='lat' dir='ltr'>quibusque</span> 
     </span>
     <span class='ocr_line' id='line_1_29' title="bbox 100 2249 984 2319; baseline 0.003 -19"><span class='ocrx_word' id='word_1_214' title='bbox 100 2249 251 2317; x_wconf 84' lang='lat' dir='ltr'>regionibus</span> <span class='ocrx_word' id='word_1_215' title='bbox 270 2251 378 2302; x_wconf 89' lang='lat' dir='ltr'>veniant</span> <span class='ocrx_word' id='word_1_216' title='bbox 398 2267 521 2319; x_wconf 86' lang='lat' dir='ltr'>quasque</span> <span class='ocrx_word' id='word_1_217' title='bbox 542 2251 578 2303; x_wconf 91' lang='lat' dir='ltr'>ibi</span> <span class='ocrx_word' id='word_1_218' title='bbox 598 2267 641 2302; x_wconf 92' lang='lat' dir='ltr'>res</span> <span class='ocrx_word' id='word_1_219' title='bbox 661 2251 841 2318; x_wconf 86' lang='lat' dir='ltr'>cognoverint,</span> <span class='ocrx_word' id='word_1_220' title='bbox 861 2251 984 2319; x_wconf 88' lang='lat' dir='ltr'>pronunti</span> 
     </span>
     <span class='ocr_line' id='line_1_30' title="bbox 100 2320 985 2389; baseline 0.003 -19"><span class='ocrx_word' id='word_1_221' title='bbox 100 2330 205 2387; x_wconf 87' lang='lat' dir='ltr'>cogant.</span> <span class='ocrx_word' id='word_1_222' title='bbox 250 2320 299 2372; x_wconf 90' lang='lat' dir='ltr'>His</span> <span class='ocrx_word' id='word_1_223' title='bbox 320 2320 399 2372; x_wconf 89' lang='lat' dir='ltr'>rebus</span> <span class='ocrx_word' id='word_1_224' title='bbox 419 2329 502 2388; x_wconf 81' lang='lat' dir='ltr'>atque</span> <span class='ocrx_word' id='word_1_225' title='bbox 523 2320 703 2373; x_wconf 88' lang='lat' dir='ltr'>auditionibus</span> <span class='ocrx_word' id='word_1_226' title='bbox 723 2321 837 2389; x_wconf 89' lang='lat' dir='ltr'>permoti</span> <span class='ocrx_word' id='word_1_227' title='bbox 862 2321 897 2372; x_wconf 90' lang='lat' dir='ltr'>de</span> <span class='ocrx_word' id='word_1_228' title='bbox 917 2338 985 2373; x_wconf 80' lang='lat' dir='ltr'>sumt</span> 
     </span>
     <span class='ocr_line' id='line_1_31' title="bbox 100 2388 984 2458; baseline 0.003 -18"><span class='ocrx_word' id='word_1_229' title='bbox 100 2405 182 2458; x_wconf 88' lang='lat' dir='ltr'>saepe</span> <span class='ocrx_word' id='word_1_230' title='bbox 195 2388 274 2442; x_wconf 91' lang='lat' dir='ltr'>rebus</span> <span class='ocrx_word' id='word_1_231' title='bbox 293 2390 404 2442; x_wconf 87' lang='lat' dir='ltr'>consilia</span> <span class='ocrx_word' id='word_1_232' title='bbox 421 2391 520 2458; x_wconf 88' lang='lat' dir='ltr'>ineunt,</span> <span class='ocrx_word' id='word_1_233' title='bbox 534 2406 648 2458; x_wconf 90' lang='lat' dir='ltr'>quorum</span> <span class='ocrx_word' id='word_1_234' title='bbox 664 2406 710 2441; x_wconf 89' lang='lat' dir='ltr'>eos</span> <span class='ocrx_word' id='word_1_235' title='bbox 728 2391 753 2442; x_wconf 90' lang='lat' dir='ltr'>in</span> <span class='ocrx_word' id='word_1_236' title='bbox 767 2390 881 2457; x_wconf 89' lang='lat' dir='ltr'>vestigio</span> <span class='ocrx_word' id='word_1_237' title='bbox 894 2391 984 2458; x_wconf 90' lang='lat' dir='ltr'>poenit</span> 
     </span>
     <span class='ocr_line' id='line_1_32' title="bbox 99 2459 978 2530; baseline 0.005 -20"><span class='ocrx_word' id='word_1_238' title='bbox 99 2476 213 2511; x_wconf 89' lang='lat' dir='ltr'>necesse</span> <span class='ocrx_word' id='word_1_239' title='bbox 232 2469 280 2528; x_wconf 86' lang='lat' dir='ltr'>est,</span> <span class='ocrx_word' id='word_1_240' title='bbox 295 2477 358 2512; x_wconf 91' lang='lat' dir='ltr'>cum</span> <span class='ocrx_word' id='word_1_241' title='bbox 377 2460 485 2511; x_wconf 89' lang='lat' dir='ltr'>incertis</span> <span class='ocrx_word' id='word_1_242' title='bbox 504 2459 654 2513; x_wconf 82' lang='lat' dir='ltr'>rumoribus</span> <span class='ocrx_word' id='word_1_243' title='bbox 672 2459 798 2512; x_wconf 75' lang='lat' dir='ltr'>serviant³</span> <span class='ocrx_word' id='word_1_244' title='bbox 810 2468 837 2512; x_wconf 88' lang='lat' dir='ltr'>et</span> <span class='ocrx_word' id='word_1_245' title='bbox 855 2459 978 2530; x_wconf 89' lang='lat' dir='ltr'>plerique</span> 
     </span>
     <span class='ocr_line' id='line_1_33' title="bbox 99 2528 645 2597; baseline 0 -16"><span class='ocrx_word' id='word_1_246' title='bbox 99 2528 190 2581; x_wconf 84' lang='lat' dir='ltr'>volunt</span> <span class='ocrx_word' id='word_1_247' title='bbox 210 2540 266 2581; x_wconf 88' lang='lat' dir='ltr'>tem</span> <span class='ocrx_word' id='word_1_248' title='bbox 278 2545 372 2581; x_wconf 82' lang='lat' dir='ltr'>eorum</span> <span class='ocrx_word' id='word_1_249' title='bbox 383 2529 446 2581; x_wconf 88' lang='lat' dir='ltr'>licta</span> <span class='ocrx_word' id='word_1_250' title='bbox 460 2530 645 2597; x_wconf 89' lang='lat' dir='ltr'>respondeant.</span> 
     </span>
    </p>

    <p class='ocr_par' dir='ltr' id='par_1_4' title="bbox 135 2546 985 2669">
     <span class='ocr_line' id='line_1_34' title="bbox 135 2546 985 2669; baseline 0.002 -17"><span class='ocrx_word' id='word_1_251' title='bbox 135 2604 159 2652; x_wconf 89' lang='lat'>6.</span> <span class='ocrx_word' id='word_1_252' title='bbox 186 2546 247 2657; x_wconf 54' lang='lat' dir='ltr'>dna</span> <span class='ocrx_word' id='word_1_253' title='bbox 278 2599 471 2650; x_wconf 87' lang='lat' dir='ltr'>consuetudine</span> <span class='ocrx_word' id='word_1_254' title='bbox 499 2600 605 2666; x_wconf 87' lang='lat' dir='ltr'>cognita</span> <span class='ocrx_word' id='word_1_255' title='bbox 628 2599 734 2669; x_wconf 86' lang='lat' dir='ltr'>Caesar,</span> <span class='ocrx_word' id='word_1_256' title='bbox 759 2616 793 2652; x_wconf 91' lang='lat' dir='ltr'>ne</span> <span class='ocrx_word' id='word_1_257' title='bbox 819 2598 935 2667; x_wconf 87' lang='lat' dir='ltr'>graviori</span> <span class='ocrx_word' id='word_1_258' title='bbox 959 2599 985 2654; x_wconf 87' lang='lat' dir='ltr'>br</span> 
     </span>
    </p>
   </div>
   <div class='ocr_carea' id='block_1_3' title="bbox 98 2668 985 2740">
    <p class='ocr_par' dir='ltr' id='par_1_5' title="bbox 98 2668 985 2740">
     <span class='ocr_line' id='line_1_35' title="bbox 98 2668 985 2740; baseline 0.002 -19"><span class='ocrx_word' id='word_1_259' title='bbox 98 2669 268 2738; x_wconf 77' lang='lat' dir='ltr'>occurreret,⁴</span> <span class='ocrx_word' id='word_1_260' title='bbox 290 2668 428 2739; x_wconf 85' lang='lat' dir='ltr'>maturius,</span> <span class='ocrx_word' id='word_1_261' title='bbox 455 2685 539 2738; x_wconf 88' lang='lat' dir='ltr'>quam</span> <span class='ocrx_word' id='word_1_262' title='bbox 565 2677 713 2739; x_wconf 82' lang='lat' dir='ltr'>consuerat,</span> <span class='ocrx_word' id='word_1_263' title='bbox 738 2668 773 2721; x_wconf 91' lang='lat' dir='ltr'>ad</span> <span class='ocrx_word' id='word_1_264' title='bbox 797 2669 950 2723; x_wconf 88' lang='lat' dir='ltr'>exercitum</span> <span class='ocrx_word' id='word_1_265' title='bbox 972 2687 985 2740; x_wconf 77' lang='lat'>1.</span> 
     </span>
    </p>
   </div>
   <div class='ocr_carea' id='block_1_4' title="bbox 97 2858 985 2979">
    <p class='ocr_par' dir='ltr' id='par_1_6' title="bbox 97 2858 985 2979">
     <span class='ocr_line' id='line_1_36' title="bbox 127 2858 985 2916; baseline -0.001 -7"><span class='ocrx_word' id='word_1_266' title='bbox 127 2860 227 2909; x_wconf 85' lang='lat' dir='ltr'>¹Causc</span> <span class='ocrx_word' id='word_1_267' title='bbox 246 2861 304 2909; x_wconf 90' lang='lat' dir='ltr'>here</span> <span class='ocrx_word' id='word_1_268' title='bbox 323 2860 344 2908; x_wconf 91' lang='lat' dir='ltr'>is</span> <span class='ocrx_word' id='word_1_269' title='bbox 363 2859 406 2908; x_wconf 84' lang='lat' dir='ltr'>the</span> <span class='ocrx_word' id='word_1_270' title='bbox 424 2875 492 2908; x_wconf 88' lang='lat' dir='ltr'>same</span> <span class='ocrx_word' id='word_1_271' title='bbox 510 2875 536 2907; x_wconf 86' lang='lat' dir='ltr'>as</span> <span class='ocrx_word' id='word_1_272' title='bbox 554 2861 665 2916; x_wconf 79' lang='lat' dir='ltr'>conditio,</span> <span class='ocrx_word' id='word_1_273' title='bbox 681 2858 721 2906; x_wconf 90' lang='lat' dir='ltr'>‘in</span> <span class='ocrx_word' id='word_1_274' title='bbox 736 2858 778 2907; x_wconf 87' lang='lat' dir='ltr'>the</span> <span class='ocrx_word' id='word_1_275' title='bbox 795 2872 863 2906; x_wconf 85' lang='lat' dir='ltr'>same</span> <span class='ocrx_word' id='word_1_276' title='bbox 881 2858 985 2908; x_wconf 81' lang='lat' dir='ltr'>conditi&lt;</span> 
     </span>
     <span class='ocr_line' id='line_1_37' title="bbox 97 2920 374 2979; baseline -0.007 -10"><span class='ocrx_word' id='word_1_277' title='bbox 97 2921 203 2979; x_wconf 78' lang='lat' dir='ltr'>hemely,</span> <span class='ocrx_word' id='word_1_278' title='bbox 217 2937 243 2968; x_wconf 83' lang='lat' dir='ltr'>ss</span> <span class='ocrx_word' id='word_1_279' title='bbox 254 2920 296 2968; x_wconf 90' lang='lat' dir='ltr'>the</span> <span class='ocrx_word' id='word_1_280' title='bbox 309 2920 374 2968; x_wconf 94' lang='lat' dir='ltr'>Ubii.</span> 
     </span>
    </p>
   </div>
   <div class='ocr_carea' id='block_1_5' title="bbox 97 2989 985 3101">
    <p class='ocr_par' dir='ltr' id='par_1_7' title="bbox 97 2989 985 3101">
     <span class='ocr_line' id='line_1_38' title="bbox 97 2989 985 3100; baseline 0.002 -60"><span class='ocrx_word' id='word_1_281' title='bbox 97 2994 135 3100; x_wconf 41' lang='lat' dir='ltr'>rh!</span> <span class='ocrx_word' id='word_1_282' title='bbox 145 2994 221 3100; x_wconf 74' lang='lat' dir='ltr'>Thatd</span> <span class='ocrx_word' id='word_1_283' title='bbox 223 2993 252 3049; x_wconf 89' lang='lat' dir='ltr'>is,</span> <span class='ocrx_word' id='word_1_284' title='bbox 267 3003 309 3041; x_wconf 92' lang='lat' dir='ltr'>not</span> <span class='ocrx_word' id='word_1_285' title='bbox 320 3003 346 3041; x_wconf 84' lang='lat' dir='ltr'>to</span> <span class='ocrx_word' id='word_1_286' title='bbox 358 2993 427 3042; x_wconf 89' lang='lat' dir='ltr'>leave</span> <span class='ocrx_word' id='word_1_287' title='bbox 444 3001 469 3040; x_wconf 86' lang='lat' dir='ltr'>to</span> <span class='ocrx_word' id='word_1_288' title='bbox 485 2992 554 3040; x_wconf 88' lang='lat' dir='ltr'>them</span> <span class='ocrx_word' id='word_1_289' title='bbox 569 2992 611 3040; x_wconf 87' lang='lat' dir='ltr'>the</span> <span class='ocrx_word' id='word_1_290' title='bbox 627 2999 799 3052; x_wconf 86' lang='lat' dir='ltr'>management</span> <span class='ocrx_word' id='word_1_291' title='bbox 811 2989 839 3038; x_wconf 85' lang='lat' dir='ltr'>of</span> <span class='ocrx_word' id='word_1_292' title='bbox 850 2989 893 3038; x_wconf 90' lang='lat' dir='ltr'>the</span> <span class='ocrx_word' id='word_1_293' title='bbox 906 3007 959 3042; x_wconf 80' lang='lat' dir='ltr'>war</span> <span class='ocrx_word' id='word_1_294' title='bbox 969 3009 985 3042; x_wconf 80' lang='lat' dir='ltr'>n</span> 
     </span>
     <span class='ocr_line' id='line_1_39' title="bbox 124 3068 269 3101; baseline 0.014 -2"><span class='ocrx_word' id='word_1_295' title='bbox 124 3068 204 3100; x_wconf 87' lang='lat' dir='ltr'>ernva</span> <span class='ocrx_word' id='word_1_296' title='bbox 222 3068 269 3101; x_wconf 89' lang='lat' dir='ltr'>ers.</span> 
     </span>
    </p>
   </div>
   <div class='ocr_carea' id='block_1_6' title="bbox 97 3125 985 3247">
    <p class='ocr_par' dir='ltr' id='par_1_8' title="bbox 97 3125 985 3247">
     <span class='ocr_line' id='line_1_40' title="bbox 125 3125 985 3190; baseline 0.002 -15"><span class='ocrx_word' id='word_1_297' title='bbox 125 3128 211 3175; x_wconf 72' lang='lat' dir='ltr'>⁸&#39;shut</span> <span class='ocrx_word' id='word_1_298' title='bbox 237 3128 267 3185; x_wconf 88' lang='lat' dir='ltr'>is,</span> <span class='ocrx_word' id='word_1_299' title='bbox 290 3144 317 3175; x_wconf 86' lang='lat' dir='ltr'>as</span> <span class='ocrx_word' id='word_1_300' title='bbox 343 3128 403 3189; x_wconf 89' lang='lat' dir='ltr'>they</span> <span class='ocrx_word' id='word_1_301' title='bbox 424 3126 496 3175; x_wconf 87' lang='lat' dir='ltr'>acted</span> <span class='ocrx_word' id='word_1_302' title='bbox 522 3126 547 3174; x_wconf 91' lang='lat' dir='ltr'>in</span> <span class='ocrx_word' id='word_1_303' title='bbox 571 3125 662 3186; x_wconf 86' lang='lat' dir='ltr'>perfect</span> <span class='ocrx_word' id='word_1_304' title='bbox 683 3125 788 3174; x_wconf 87' lang='lat' dir='ltr'>reliance</span> <span class='ocrx_word' id='word_1_305' title='bbox 809 3141 842 3172; x_wconf 91' lang='lat' dir='ltr'>on</span> <span class='ocrx_word' id='word_1_306' title='bbox 862 3125 926 3174; x_wconf 90' lang='lat' dir='ltr'>such</span> <span class='ocrx_word' id='word_1_307' title='bbox 948 3143 985 3190; x_wconf 72' lang='lat' dir='ltr'>rar</span> 
     </span>
     <span class='ocr_line' id='line_1_41' title="bbox 97 3197 198 3247; baseline -0.03 -10"><span class='ocrx_word' id='word_1_308' title='bbox 97 3197 198 3247; x_wconf 88' lang='lat' dir='ltr'>reports.</span> 
     </span>
    </p>
   </div>
   <div class='ocr_carea' id='block_1_7' title="bbox 124 3258 981 3317">
    <p class='ocr_par' dir='ltr' id='par_1_9' title="bbox 124 3258 981 3317">
     <span class='ocr_line' id='line_1_42' title="bbox 124 3258 981 3317; baseline 0 -7"><span class='ocrx_word' id='word_1_309' title='bbox 124 3263 134 3291; x_wconf 89' lang='lat'><strong>⁴</strong></span> <span class='ocrx_word' id='word_1_310' title='bbox 146 3259 273 3310; x_wconf 70' lang='lat' dir='ltr'>Ocsurrers</span> <span class='ocrx_word' id='word_1_311' title='bbox 283 3259 304 3308; x_wconf 90' lang='lat' dir='ltr'>is</span> <span class='ocrx_word' id='word_1_312' title='bbox 314 3259 373 3309; x_wconf 86' lang='lat' dir='ltr'>here</span> <span class='ocrx_word' id='word_1_313' title='bbox 384 3259 426 3308; x_wconf 87' lang='lat' dir='ltr'>the</span> <span class='ocrx_word' id='word_1_314' title='bbox 437 3275 504 3310; x_wconf 84' lang='lat' dir='ltr'>same</span> <span class='ocrx_word' id='word_1_315' title='bbox 516 3276 543 3310; x_wconf 88' lang='lat' dir='ltr'>as</span> <span class='ocrx_word' id='word_1_316' title='bbox 554 3262 665 3317; x_wconf 78' lang='lat' dir='ltr'>incidere,</span> <span class='ocrx_word' id='word_1_317' title='bbox 681 3263 722 3308; x_wconf 86' lang='lat' dir='ltr'>‘to</span> <span class='ocrx_word' id='word_1_318' title='bbox 731 3259 833 3308; x_wconf 82' lang='lat' dir='ltr'>become</span> <span class='ocrx_word' id='word_1_319' title='bbox 845 3258 981 3311; x_wconf 71' lang='lat' dir='ltr'>involved:</span> 
     </span>
    </p>
   </div>
   <div class='ocr_carea' id='block_1_8' title="bbox 0 0 1130 3736">
    <p class='ocr_par' dir='ltr' id='par_1_10' title="bbox 0 0 1130 3736">
     <span class='ocr_line' id='line_1_43' title="bbox 0 0 1130 3736; baseline 0 0"><span class='ocrx_word' id='word_1_320' title='bbox 0 0 1130 3736; x_wconf 95' lang='lat' dir='ltr'> </span> 
     </span>
    </p>
   </div>
  </div>
 </body>
</html>
