2250 3736
387 193 403 327 ,Ι
458 240 548 281 arnan
570 243 625 284 vrr.
944 226 999 284 187

68 350 162 419 operis
180 350 290 420 incitati,
309 369 361 404 non
379 360 467 404 aetate
485 353 622 423 conlectis,
637 370 686 404 non
707 352 869 421 mulieribus,
889 370 940 406 non
961 354 998 406 in·

69 419 192 473 lantibus
211 431 395 490 pepercerunt.
432 422 553 490 Denique
572 439 606 474 ex
623 423 694 474 omni
708 439 740 474 eo
752 440 870 490 nurnero,
884 423 930 491 qui
950 423 998 476 tuit

67 490 179 542 circiter
190 509 235 544 xa.
248 492 361 560 milium,
374 492 420 543 vix
432 508 519 559 accc,
535 492 583 560 qui
605 509 696 560 promo
714 492 830 544 clamore
847 492 938 544 audito
967 509 997 544 se

68 574 107 610 ex
125 560 221 628 oppido
240 560 381 629 ejecerant,
396 561 544 612 incolumes
561 561 596 612 ad
608 561 851 628 Vercingetorigem
869 579 997 630 pervene-

68 637 142 679 runt.
178 629 251 687 Quos
267 630 320 698 ille,
339 630 424 682 multa
443 630 499 700 jam
520 640 605 698 nocte,
625 631 730 683 silentio
747 647 782 682 ex
798 630 863 698 fuga
882 632 995 700 excepit,

68 696 190 767 (veritus,
205 717 238 750 ne
251 717 304 769 qua
317 700 342 751 in
356 700 448 751 castris
460 717 495 751 ex
506 716 599 751 eorum
617 717 747 752 concursu
771 707 799 751 et
815 701 996 753 misericordia

68 765 144 834 vulgi
164 768 258 821 seditio
277 770 398 838 oriretur)
411 777 447 836 ut,
461 769 551 837 procul
570 769 597 820 in
611 769 653 821 via
665 769 800 837 dispositis
818 769 996 822 familiaribus

54 836 128 886 'suis
140 838 356 906 principibusque
369 837 515 907 civitatum,
529 837 708 907 disparandos¹
722 838 947 907 deducendosque
959 839 994 892 ad

66 918 261 977 suoscuraret,
278 909 358 976 quae²
377 909 474 976 cuique
496 907 598 959 civitati
617 924 679 977 pars
698 917 845 960 castrorum
865 908 901 961 ab
920 909 995 961 initio

65 973 222 1028 obvenerat.

106 1047 148 1095 29.
166 1045 274 1097 Postero
286 1045 331 1097 die
343 1045 453 1098 concilio
465 1053 617 1114 convocato,
626 1045 777 1098 consolatus
789 1045 993 1114 cohortatusque

65 1118 119 1179 est,
133 1131 166 1164 ne
179 1132 207 1166 se
220 1114 365 1168 admodum
382 1116 471 1167 animo
490 1115 680 1185 dernitterent,'
691 1132 760 1167 neve
778 1115 993 1184 perturbarentur

64 1180 252 1236 incommodo:
272 1201 324 1236 non
337 1186 432 1237 virtute
451 1201 538 1252 neque
557 1185 583 1237 in
602 1186 661 1236 acie
675 1185 771 1237 vicisse
789 1186 929 1252 Romanos,
944 1185 992 1238 sed

64 1251 178 1303 artificio
197 1253 314 1322 quodam
335 1263 361 1306 et
382 1254 493 1306 scientia
512 1254 722 1322 oppugnationis,
743 1253 819 1322 eujus
838 1255 875 1306 rei
895 1253 992 1306 fuerint

63 1320 120 1388 ipsi
138 1321 268 1390 imperiti:
289 1340 382 1391 errare,
397 1324 418 1375 si
438 1323 483 1391 qui
502 1323 528 1375 in
549 1323 619 1375 bello
638 1340 732 1375 ornnes
750 1324 883 1376 secundos
903 1340 992 1376 rerum

63 1400 211 1458 proventus
235 1402 406 1460 exspectent:
437 1392 488 1444 sibi
512 1409 658 1460 numquam
685 1392 824 1461 placuisse,
845 1392 989 1446 Avaricum

63 1457 184 1527 defendi,
206 1460 283 1529 cujus
303 1463 341 1512 rei
365 1469 448 1513 testes
463 1461 533 1530 ipsos
546 1461 673 1530 haberet,
698 1462 745 1513 sed
770 1461 873 1514 facturn
893 1463 991 1530 impra-

63 1527 156 1579 dentia
175 1529 324 1596 Biturigum
345 1539 372 1582 et
393 1531 476 1582 nimia
496 1531 671 1597 obsequentia
691 1530 860 1600 reliquorum,
881 1532 919 1583 uti
940 1531 990 1584 hoo

62 1597 266 1652 incommodum
287 1600 465 1668 acciperetur:
492 1598 518 1651 id
541 1609 679 1652 tamense
701 1600 824 1652 celeriter
843 1600 990 1670 majoribus

62 1668 214 1719 commodis
226 1677 388 1721 sanaturum.
426 1670 505 1735 Nam,
520 1685 589 1737 quae
601 1669 635 1721 ab
649 1669 757 1736 reliquis
769 1669 853 1721 Gallis
868 1670 990 1722 civitates

62 1734 243 1804 dissentirent,
258 1736 307 1788 has
319 1755 366 1789 sua
379 1738 517 1804 diligentia
536 1735 725 1805 adjunctarum
737 1752 817 1806 atque
830 1755 914 1790 unum
928 1755 990 1790 con-

62 1804 155 1857 silium
178 1809 258 1858 totius
281 1807 384 1858 Galliae
409 1806 577 1874 effecturum,
600 1806 676 1875 cujus
699 1807 840 1859 consensu⁴
859 1825 894 1865 ne
918 1806 991 1859 orbis

61 1874 173 1942 quidem
193 1885 324 1927 terrarum
341 1876 422 1945 possit
441 1876 586 1929 obsistere:
605 1875 686 1944 idque
699 1893 728 1927 se
741 1892 821 1944 prope
839 1875 895 1955 jain
908 1876 988 1928 effec-

61 1951 122 1996 tum
142 1944 251 1997 habere.
288 1945 393 1997 Interea
412 1961 530 2012 aequum
551 1961 619 2013 esse,
632 1946 667 1997 ab
680 1945 713 1997 iis
725 1962 875 1998 communis
895 1946 989 1998 salutis
1064 2007 1066 2011 Α

61 2029 145 2065 causa
168 2014 311 2082 impetrari,
331 2022 358 2067 ut
383 2022 469 2066 castra
492 2015 596 2066 munire
618 2015 792 2084 instituerent,
811 2032 863 2083 qao
884 2015 989 2067 facilius

62 2084 215 2151 repentinos
227 2082 345 2135 hostium
357 2084 473 2152 impetus
486 2083 615 2135 sustinere
629 2093 745 2151 possent.

98 2156 138 2203 30.
159 2153 219 2205 Fuit
238 2152 305 2204 haec
321 2154 403 2204 oratio
415 2170 467 2204 non
481 2153 583 2220 ingrata
595 2153 685 2221 Gallis,
699 2153 825 2221 maxime,
840 2154 910 2221 quod
929 2153 987 2222 ipse

59 2221 152 2272 animo
170 2239 223 2273 non
241 2221 383 2288 defecerat,
398 2231 469 2273 tanto
487 2230 598 2291 accepto
617 2222 785 2273 incommodo
807 2238 894 2288 neque
914 2239 943 2273 se
960 2223 987 2273 in

59 2290 197 2342 occultum
209 2290 347 2343 abdiderat
359 2301 386 2342 et
398 2300 571 2358 conspectum
588 2291 766 2342 multitudinis
777 2260 896 2357 ingerat:
912 2290 987 2411 plus·

58 2376 114 2427 que
133 2360 223 2411 animo
245 2359 383 2428 providere
404 2369 431 2411 et
451 2359 612 2428 praesentire
634 2359 842 2426 existimabatur,
858 2376 910 2427 quo
930 2399 937 2428 ,
959 2377 987 2412 ra

58 2427 181 2496 integra,⁶
190 2429 274 2496 primo
287 2428 484 2481 incendendum
498 2428 651 2498 Avaricum,
662 2438 721 2497 post
733 2428 913 2480 deserendum
925 2447 986 2482 ceu·

89 2543 97 2570 ¹
107 2542 287 2603 Disporondos;
302 2541 354 2589 that
366 2541 395 2597 is,
408 2544 552 2602 separandos
564 2555 591 2587 or
601 2512 786 2602 dispertiendos.-
805 2538 850 2586 ‘he
861 2539 921 2587 took
932 2512 986 2588 care

58 2600 112 2647 that
124 2601 183 2660 they
193 2600 281 2648 should
293 2603 322 2647 be
335 2600 461 2706 separated
473 2599 601 2658 according
612 2609 637 2645 to
648 2598 689 2645 the
703 2598 778 2646 tribes
795 2607 820 2645 to
831 2598 912 2645 which
927 2599 986 2659 they

56 2660 189 2765 beltqlnged
199 2660 245 2740 and
256 2660 309 2706 that
320 2675 362 2706 eac
391 2658 479 2706 should
490 2660 520 2706 be
532 2658 607 2705 tahan
618 2668 643 2705 to
655 2657 694 2704 the
707 2673 763 2704 men
774 2657 802 2704 of
808 2656 846 2704 his
857 2673 914 2704 own
923 2659 986 2705 tribe

57 2733 97 2820 ω’
106 2734 264 2851 Bbfiiildgiiae
274 2807 312 2838 we
328 2801 394 2839 must
410 2790 498 2850 supply
509 2792 536 2838 in
552 2807 600 2838 eam
612 2799 712 2852 portem,
726 2789 815 2845 which,
828 2789 950 2845 however,
964 2788 984 2838 is

56 2850 158 2910 implied
169 2851 193 2897 in
205 2854 235 2898 ad
246 2868 310 2898 suos.

87 2925 96 2952 ⁸
106 2923 138 2971 Se
148 2926 226 2971 animo
234 2927 354 2971 demittere
364 2923 385 2970 is
396 2922 437 2970 the
449 2938 517 2970 same
529 2938 555 2969 as
566 2923 671 2969 animum
681 2923 787 2982 objicere,
801 2927 841 2970 ‘to
852 2922 903 2969 lose
914 2936 983 2969 cour-

56 2983 120 3042 nge.¹
153 2982 284 3030 Admodum
295 2984 315 3030 is
329 2988 375 3040 ‘up
386 2992 411 3029 to
423 2998 437 3029 a
447 2982 539 3029 certain
549 2995 660 3027 measure
670 2980 685 3035 ;'
705 2980 751 3027 and
766 2979 824 3028 here
839 2986 885 3039 ‘up
901 2990 926 3027 to
942 2979 984 3029 tho

55 3057 168 3089 measure
180 3051 205 3089 to
217 3041 298 3088 which
310 3042 368 3101 they
380 3041 486 3101 actually
497 3039 596 3088 secmed
608 3048 633 3085 to
644 3038 695 3085 lose
707 3053 810 3098 courage
819 3039 836 3096 ;'
853 3038 929 3086 hence
943 3044 983 3087 ‘ta

54 3101 117 3149 such
129 3118 143 3148 a
153 3101 259 3161 degree!
668 3102 681 3115 ·

83 3174 153 3222 ⁴For
162 3175 298 3230 consensui,
311 3189 353 3221 see
364 3173 396 3220 vi.
408 3175 446 3229 42,
459 3182 515 3220 note
528 3176 549 3218 5.
600 3225 601 3228 Ἰ

67 3309 71 3316 Ι
83 3250 93 3276 ⁶
103 3248 140 3296 Re
150 3249 254 3310 integra,
271 3246 366 3295 ‘before
377 3246 419 3294 the
431 3246 522 3303 allair3'
541 3244 593 3292 that
605 3243 635 3299 is,
647 3241 729 3290 before
741 3240 782 3290 the
793 3242 860 3305 siege
874 3242 902 3292 os
912 3242 970 3293 Ara

52 3322 140 3356 rreum.
