2250 3736
197 185 254 245 144
496 201 536 240 aa
558 200 654 240 nauso
675 200 814 241 satureo.

194 312 317 366 civitates
340 308 519 377 sollicitarent,
544 308 674 378 pecunias
702 309 897 379 pollicerentur,
920 327 956 363 mr

194 381 328 435 exercitus
339 381 419 432 nostri
433 379 579 448 interiecta,
593 379 676 431 multo
689 381 820 432 minorem
839 395 956 448 superest

194 460 306 522 partem.
343 450 438 517 Neque
462 458 552 501 tamen
571 449 617 500 ulli
636 450 736 501 civitati
756 450 948 502 Germanomm

194 520 285 590 potuit,
299 528 327 571 ut
346 518 468 571 Rhenum
488 519 617 585 transiret,
636 535 721 586 quum
739 535 768 570 se
788 519 831 570 bis
848 527 956 586 experto

194 589 319 643 Ariovisti
343 587 423 640 bellol
441 598 467 640 et
487 589 677 640 Tencterorum
695 587 826 656 transitu,'
843 604 895 639 non
919 604 956 640 esi

194 659 326 711 fortunam
353 657 516 710 tentandam.
552 657 609 709 Hae
633 674 680 725 spe
699 656 798 725 lapsus³
815 657 956 710 Indutiomr

194 728 284 782 minus
301 727 390 796 copias
406 744 508 796 cogere,
529 743 661 794 exercere,
680 743 696 777 a
715 726 836 779 finitimis
854 742 956 794 equos]

194 798 268 850 sules
279 797 473 864 damnatosque
486 805 539 847 tota
552 795 647 848 Gallia·
658 795 763 862 magnis
780 796 907 864 praemiis
924 795 956 848 ad

194 867 291 935 coepit.
328 869 368 918 Ac
381 875 483 917 tantam
503 864 553 917 sibi
570 865 627 934 jam
640 865 672 916 iis
685 864 764 916 rebus
782 865 807 917 in
828 865 916 917 Gallia
934 880 956 916 ar

194 944 402 1004 comparaverat,
422 943 449 986 ut
469 934 586 1002 undique
609 936 644 986 ad
668 951 730 986 eum
755 934 903 1002 legationes
925 950 956 987 co

195 1006 305 1074 gratiam
320 1014 400 1072 atque
413 1004 558 1056 amicitiem
571 1003 677 1072 publice
690 1003 868 1072 privatimque
881 1012 956 1072 peter

230 1079 271 1126 56.
291 1073 342 1126 Ubi
361 1073 492 1126 intellexit
515 1073 583 1125 ultro
605 1073 639 1124 ad
664 1090 693 1124 so
712 1074 802 1142 veniri,
822 1072 906 1124 altera
924 1090 956 1126 ex

194 1160 279 1198 nones
296 1144 478 1211 Carnutesque
497 1142 658 1194 conscientia
676 1142 800 1194 facinoris
818 1142 945 1211 instigari,

195 1214 252 1264 vios
264 1213 471 1280 Aduatucosque
484 1212 586 1264 bellurn
600 1212 728 1264 Romanis
740 1228 841 1280 parare,
855 1228 945 1280 neque

195 1283 321 1334 rariorum
341 1282 432 1349 copias
450 1281 540 1333 defore
563 1282 584 1333 si
598 1298 631 1333 ex
644 1281 741 1333 finibus
759 1281 814 1333 suis
832 1280 955 1349 progredi

194 1361 325 1403 armatum
345 1350 487 1402 concilium
507 1321 607 1419 indicit,
627 1350 689 1420 (hoe
707 1367 780 1402 more
798 1350 934 1403 Gallorum
954 1376 956 1395 ι

195 1420 271 1489 belli)
296 1436 346 1488 quo
370 1419 429 1486 lege
453 1421 588 1473 communi
612 1436 707 1472 omnes
730 1419 845 1488 puberes
864 1421 956 1473 armati

195 1497 370 1555 consuerunt3
412 1489 438 1541 ui
457 1507 491 1542 ex
509 1490 541 1541 iis
564 1489 725 1541 novissimus
744 1489 824 1555 venit,
844 1489 871 1540 in
889 1507 954 1542 cons

195 1559 314 1611 titudinis
331 1558 401 1610 omni
423 1574 455 1610 us
472 1558 635 1611 cruciatibus
657 1558 781 1610 adfectus
803 1565 923 1610 necatur,

195 1628 255 1680 cilio
285 1627 489 1696 Cingetorigem,
514 1628 623 1679 alterius
652 1627 798 1696 principem
829 1625 956 1698 factionis,

195 1714 281 1765 suum,
297 1698 389 1765 (quem
403 1713 482 1765 supra
494 1697 873 1761 demonstravimus,Caesaris
885 1706 956 1749 secut

194 1766 229 1819 ab
240 1783 272 1818 eo
285 1784 335 1818 non
349 1765 526 1836 discessisse)
540 1765 643 1817 hostem
661 1764 761 1834 judicat
781 1765 902 1833 bonaque
921 1765 956 1834 ejr

194 1835 244 1888 His
263 1834 342 1888 rebus
365 1835 501 1903 confectis,
521 1835 545 1887 in
565 1835 675 1886 concilio
694 1842 857 1903 pronunciat,
877 1851 954 1887 arces

195 1904 341 1957 Senonibus
353 1913 379 1956 et
392 1904 551 1956 Carnutibus
563 1903 674 1971 aliisque
693 1903 874 1971 compluribus
886 1903 956 1957 Galli

194 1973 253 2042 bus,
267 1973 330 2025 huc⁰
342 1973 391 2024 iter
410 1960 543 2026 lac‘turum
561 1990 608 2041 per
625 1973 694 2025 fines
710 1973 863 2042 Remorum,
878 1989 956 2026 eorur

194 2042 380 2112 populaturum
393 2059 426 2094 ac
438 2043 518 2111 prius,
531 2059 612 2111 quam
632 2041 657 2093 id
677 2042 766 2112 saciet,
786 2041 898 2094 Labieni
916 2059 956 2094 oar

194 2121 334 2165 naturum:
354 2129 423 2179 quae
436 2113 492 2164 fieri
505 2113 576 2178 velit,
591 2112 728 2180 praecipit.

230 2185 271 2233 57.
292 2181 434 2248 Labienus,
454 2198 537 2249 quum
556 2190 583 2233 et
601 2180 651 2232 loci
677 2189 770 2232 natura
787 2192 814 2232 et
831 2197 915 2232 manu
932 2197 956 2232 m

194 2250 291 2302 castris
308 2267 368 2302 sese
381 2258 492 2319 teneret,
505 2251 540 2302 de
553 2267 600 2302 suo
612 2267 645 2301 ao
658 2250 770 2317 legionis
781 2249 898 2318 periculo
911 2248 956 2301 nih

195 2335 230 2372 ne
248 2333 328 2387 quam
347 2320 514 2372 occasionem
528 2319 565 2371 rei
579 2319 649 2371 bene
660 2320 794 2386 gerendae
807 2319 954 2371 dimitteret

195 2389 288 2456 ltaque
306 2405 321 2439 a
340 2389 506 2457 Cingetorige
524 2396 604 2456 atque
623 2387 684 2440 e'us
702 2388 857 2456 propinquis
873 2387 956 2439 oratio

195 2459 261 2510 mari
286 2460 398 2525 cognita,
418 2475 498 2526 quam
519 2458 544 2509 in
562 2405 673 2509 concilio
697 2455 834 2525 habuerat,
854 2456 956 2508 nuncios

194 2527 323 2579 finitimas
346 2526 470 2578 civitates
493 2527 651 2595 equitesque
675 2525 794 2595 undique
818 2534 928 2578 evocat:

194 2596 268 2649 diem
287 2595 463 2649 conveniendi
483 2595 557 2648 dicit.
594 2595 703 2648 Interim
724 2612 804 2674 prope
823 2594 942 2664 quotidie

194 2667 313 2734 equitatu
338 2664 534 2717 Indutiomarus
557 2664 606 2718 sub
630 2664 733 2717 cestris⁷
750 2681 809 2735 eJus
827 2663 956 2732 vagabatu

223 2827 230 2854 ¹
240 2825 287 2873 See
298 2825 313 2873 i.
325 2828 363 2881 31,
378 2825 427 2874 dac.

222 2897 287 2945 'See
299 2898 331 2945 iv.
344 2901 365 2954 1,
380 2898 429 2946 dcc.

221 2969 335 3031 'Iapetus
347 2971 405 3018 here
417 2971 437 3018 is
448 2969 586 3029 equivalent
598 2978 623 3017 to
637 2967 836 3029 ‘disappointed.'

221 3041 306 3089 ‘That
317 3043 347 3099 is,
361 3044 388 3090 in
398 3051 447 3090 toto
461 3043 551 3100 Gallia,
564 3058 591 3090 or
603 3059 648 3104 per
657 3051 728 3090 totam
741 3043 853 3091 Galliam.

221 3113 288 3162 'See
300 3131 322 3162 r.
333 3117 356 3162 3.

222 3185 310 3243 ‘Ham
328 3186 380 3233 that
392 3185 421 3243 is,
435 3186 486 3234 into
496 3187 538 3235 the
550 3198 652 3247 country
663 3186 691 3234 os
703 3187 745 3234 the
758 3187 867 3235 Senones
878 3185 926 3235 and
938 3185 956 3236 C

224 3255 292 3306 'Sub
301 3259 387 3306 castris
399 3257 420 3306 is
434 3257 528 3306 ‘below
539 3259 580 3307 the
592 3260 681 3320 camp‚’
695 3275 722 3307 or
735 3258 816 3308 ‘close
827 3269 853 3307 to
864 3259 906 3307 the
917 3275 956 3309 ear
