2250 3736
536 261 628 301 mnan
649 260 688 301 vr.
998 243 1053 301 167

84 364 248 425 ‘hstium
293 370 554 426 Circumfunduntur¹
577 387 611 424 ex
636 369 743 438 reliquis
767 373 858 422 hostes
880 370 1006 440 partibus,
1032 371 1054 421 si

86 438 211 494 quem
223 443 325 496 aditum
338 443 453 511 reperire
472 450 588 510 possent.
624 442 713 507 Aegre
732 441 812 491 nostri
831 451 919 508 portas
938 449 1053 508 tuentur,

89 500 242 580 reliquos
253 512 342 565 aditus
354 512 429 564 locus
441 512 498 581 ipse
517 528 564 580 per
582 527 612 562 se
631 510 796 578 munitioque
814 510 943 562 defendit.
980 510 1055 561 Totis

90 570 273 645 lrepidarur
301 582 403 650 castris,
428 592 510 650 atque
539 581 609 632 alius
638 597 672 631 ex
700 579 752 630 alio
782 596 894 632 causam
924 579 1056 632 tumultus

92 650 245 720 quaerit,
269 669 358 720 neque
377 668 429 719 quo
449 667 525 718 signa
543 650 669 718 serantur,
689 666 878 718 nequequam
902 649 929 702 in
950 660 1054 718 partem

93 715 241 789 quisque
264 722 414 789 conveniat,
434 719 581 789 provident.
617 719 695 772 Alius
715 728 793 787 capta
815 718 869 789 jam
891 727 978 772 eastra
997 736 1055 788 pro·

94 788 235 843 nunciat
242 807 250 859 3
279 791 348 844 alius
374 792 464 842 deleto
494 790 613 842 exercitu
643 797 725 856 atque
755 789 914 857 imperatore
942 788 1056 841 victores

71 839 253 932 „bafbaros
271 862 377 913 venisse
398 859 550 911 contendit:
572 859 692 928 plerique
712 871 795 910 novas
814 859 864 911 sibi
884 875 918 910 ex
938 858 995 910 loco
1015 875 1055 910 re·

96 909 247 987 l¹g¹ones¹
270 931 381 999 fingunt,
406 931 553 997 Cottaeque
577 939 604 980 et
628 928 723 980 Titurii
746 927 935 996 calamitatem,
957 928 1003 996 qui
1027 928 1054 981 in

96 995 224 1052 eodem
241 1000 386 1052 occiderint
405 999 524 1067 castello,
544 1007 606 1050 ente
624 997 716 1050 oculos
769 1006 843 1050 nunt.
880 998 937 1050 Tali
959 999 1054 1050 timore

94 1067 250 1133 03nnibus
273 1070 426 1138 perterritis,
446 1069 616 1120 confirmatur
633 1067 720 1135 opinio
756 1067 864 1135 arbaris,
884 1075 913 1119 ut
936 1083 970 1119 ex
993 1084 1054 1136 cap-

96 1129 180 1207 ¹¹y0
201 1139 347 1207 audierant,
369 1138 472 1190 nullum
493 1155 554 1189 esse
574 1138 647 1190 imus
670 1136 841 1204 praesidinm.
878 1137 1054 1206 Perrumpere

96 1205 247 1260 ¹¹¹tuntur
270 1225 353 1276 seque
377 1208 428 1276 ipsi
457 1207 636 1277 adhortantur,
661 1222 695 1258 ne
726 1214 827 1259 tantam
857 1205 990 1259 fortunam
1020 1222 1055 1259 ex

98 1275 251 1330 manibus
269 1277 413 1329 dimittant.

154 1347 204 1398 38.
236 1349 299 1400 Erat
321 1364 403 1414 aeger
421 1346 447 1398 in
467 1345 601 1415 praesidio
616 1344 725 1396 relictus
749 1345 778 1397 P.
800 1345 906 1397 Sextius
928 1344 1052 1415 Baculus,

101 1413 170 1472 qui
192 1417 306 1484 primum
324 1417 409 1486 pilum
427 1416 472 1467 ad⁸
490 1416 634 1468 Caesarem
653 1414 774 1482 duxerat,
794 1414 872 1484 cujus
889 1415 1054 1467 mentionem

105 1486 305 1550 Superioribus
318 1485 426 1554 proeliis
438 1485 572 1554 secimrrs,⁴
583 1501 616 1536 ao
631 1483 704 1535 diem
722 1482 778 1552 jam
792 1484 914 1551 quintum
933 1484 992 1536 cibo
1010 1501 1054 1536 oa·

105 1554 223 1608 ruerat,
258 1557 318 1623 Hic,
337 1555 443 1607 diffisus
461 1571 527 1606 suae
545 1564 627 1622 atque
645 1552 767 1605 omnium
785 1552 873 1622 saluti,
893 1553 1002 1606 inermis
1020 1570 1055 1607 ex

108 1616 297 1677 tabernaculo
316 1624 417 1694 prodit:
443 1624 516 1675 videt
533 1624 675 1675 imminere
695 1621 785 1674 hostes
802 1631 884 1690 atque
903 1623 930 1675 in
948 1640 1054 1676 summo

112 1692 189 1742 fem
204 1710 261 1746 esse
280 1694 451 1747 discrimine:
474 1710 506 1744 ca
526 1693 544 1744 it
562 1709 637 1744 arma
655 1709 672 1742 a
690 1691 818 1760 proximis
835 1702 917 1761 atque
935 1693 961 1744 in
980 1701 1055 1762 porta

112 1761 252 1820 9⁰nsistit.
290 1764 493 1831 consequuntur
506 1711 577 1814 huno
590 1763 759 1813 centuriones
778 1761 837 1830 ejus
848 1761 970 1830 cohortis,
984 1780 1054 1831 quae

115 1828 143 1870 tn
162 1834 286 1902 ,statione
307 1841 379 1884 erat:
405 1832 551 1900 paullisper
568 1848 622 1883 una
639 1830 771 1900 proelium
790 1832 930 1884 sustinent.
965 1832 1053 1885 Relin-

113 1897 186 1951 (lull
206 1903 323 1955 animus⁶
341 1901 470 1970 Sextium,
489 1902 616 1969 gravibus
639 1888 759 1969 acceptis
779 1901 948 1954 vulneribus:
973 1918 1053 1969 aegre

111 1964 173 2016 90¹*
193 1984 289 2024 manns
309 1979 410 2023 tractus
429 1982 558 2023 servatur.
594 1970 652 2022 Hoc
672 1971 758 2039 spatio
777 1972 938 2040 interposito,
959 1971 1054 2039 reliqui

107 2031 185 2082 ⁸⁹⁸0
197 2042 356 2093 confirmant
370 2050 481 2108 tantum,
495 2050 524 2092 ut
536 2041 562 2092 in
575 2040 769 2092 munitionibus
781 2042 925 2093 consistere
937 2040 1054 2093 audeant

103 2098 301 2180 ⁸Psscitsmque
314 2110 486 2162 defensorum
518 2111 664 2163 raebeant.⁰

144 2167 199 2226 39·
227 2180 339 2232 Interim
359 2178 482 2231 conlecta
499 2128 716 2248 humectatione,
736 2178 838 2231 milites
854 2178 936 2231 nostri
956 2178 1054 2231 clamo-

91 2231 174 2288 rem
199 2248 352 2302 exaudiunt
360 2250 377 2315 3⁷
394 2257 568 2318 praecurrunt
587 2249 699 2318 equites,
713 2256 811 2315 quanto
830 2265 873 2300 res
891 2249 925 2300 sit
942 2248 968 2300 in
987 2248 1054 2317 peri·

81 2298 187 2402 ,⁰⁰¹0‚
207 2328 382 2386 cognoscunt.
419 2318 469 2369 Hic
482 2334 544 2369 vero
562 2317 636 2369 nulla
654 2318 765 2370 munitio
784 2325 832 2386 est,
846 2334 916 2385 quae
934 2318 1054 2386 perterri-

93 2370 144 2415 ⁰⁸
163 2389 306 2458 recipiat:
328 2386 406 2439 modo
418 2387 561 2456 conscripti
572 2395 654 2456 atque
667 2404 732 2439 usus
744 2386 867 2438 militaris
886 2386 1002 2455 imperiti
1019 2387 1054 2439 ad

74 2472 1053 2524 N——ss—

114 2549 129 2577 ι
152 2564 353 2636 circumfundi,
369 2579 408 2622 ‘to
419 2573 501 2622 crowd
511 2573 620 2621 emund)

61 2621 315 2734 21²⁸Religianes
327 2662 367 2694 are
379 2647 441 2715 seara
453 2646 500 2695 and
512 2645 701 2714 apprehensione
713 2645 803 2706 srising
813 2655 858 2715 out
872 2646 899 2694 ol
911 2662 926 2714 a
940 2646 1056 2715 religione

61 2723 82 2770 b
153 2708 338 2768 upersunous
349 2705 446 2766 feeling.
474 2706 558 2753 These
567 2705 669 2765 feehngs
678 2721 743 2752 were
754 2705 842 2754 roused
852 2721 876 2752 ru
887 2705 936 2753 thrs
947 2715 1057 2753 instance

56 2793 80 2838 p
101 2752 211 2868 ἃὲὲο
221 2765 380 2816 recollection
390 2765 443 2814 that
454 2765 529 2813 Cotta
539 2764 587 2812 and
596 2763 707 2813 Titurius
719 2764 766 2812 had
777 2764 890 2824 perished
901 2765 926 2812 in
937 2764 977 2812 the
988 2779 1057 2814 same

52 2871 134 2980 „st
140 2898 217 3009 ἐξ
233 2899 352 3007 herpwlrns
368 2898 410 2948 the
421 2899 535 2960 meaning
546 2898 574 2946 of
585 2901 657 2961 apud,
670 2914 697 2947 ue
713 2898 739 2947 in
754 2897 786 2946 iii.
799 2901 827 2947 9:
844 2915 927 2947 nomen
938 2902 970 2948 ad
979 2915 1058 2949 omnes

215 2978 238 3009 ea
249 2977 278 3009 aa
320 2976 367 3008 am.

152 3020 226 3082 &ee
237 3033 262 3081 ii.
275 3035 313 3079 24.

112 3082 133 3110 Β
154 3100 307 3170 Relinquit
322 3110 432 3164 unimus,·
449 3106 501 3154 thet
518 3107 548 3162 is,
565 3106 610 3153 ‘he
626 3106 724 3164 leints3'
741 3106 883 3155 ieronimus
899 3107 921 3156 is
936 3106 1057 3169 strength.

121 3160 234 3230 erge
247 3168 358 3216 whereas
370 3168 449 3215 aalma
460 3166 481 3213 is
492 3164 587 3221 bresith,
602 3165 651 3221 life,
664 3181 691 3212 or
702 3165 764 3213 soul.

117 3219 144 3325 ζ
163 3241 286 3308 »Specion
299 3245 391 3306 praebe
397 3261 416 3300 e,
433 3248 471 3290 ‘to
482 3251 580 3302 present
591 3242 633 3289 the
645 3241 755 3290 antwerd
765 3243 932 3301 appearance!

167 3314 318 3375 Ennoea,
333 3323 373 3367 ‘to
383 3317 442 3366 hear
452 3315 515 3366 from
525 3332 540 3365 a
550 3315 676 3366 distance)

108 3006 128 3034 1

281 3550 298 3580 Ι
