2250 3736
109 231 148 291 42
411 249 451 290 ua
473 251 574 290 cauno·
591 251 727 291 aauurcc.

108 359 238 412 auxilium
256 375 272 410 a
289 360 386 427 populo
404 360 522 412 Romano
541 360 724 428 imploraturos
742 377 830 429 neque
850 371 1024 431 recusaturos,

108 445 160 494 quo
174 430 264 480 minus
276 435 403 496 perpetuo
417 429 466 481 sub
479 429 584 481 illorum
597 430 696 481 ditione
710 438 791 497 atque
804 431 916 498 imperio
927 441 1025 482 essent.

108 496 196 549 Unum
217 515 246 548 se
265 514 324 548 esse
344 498 467 549 exomni
486 498 594 549 civitate
613 499 776 567 Aeduorum,
794 502 840 568 qui
857 501 957 552 adduci
970 501 1025 552 'non

83 609 86 614 .
107 567 228 634 potuerit,
243 575 271 618 ut
282 565 380 633 juraret
398 577 444 618 aut
463 566 560 618 liberos
579 584 640 618 suos
658 568 767 619 obsides
784 569 869 622 daret.
906 570 946 622 Ob
965 587 1025 621 eam

107 651 164 686 rem
178 653 207 686 se
220 653 254 687 ex
266 636 373 686 civitate
386 636 533 704 profugisse
552 644 579 687 et
598 638 710 688 Romam
728 636 762 688 ad
781 648 906 690 senatum
919 639 1025 690 venisse

106 704 237 756 auxilium
256 704 437 774 postulatum,¹
456 706 527 773 quod
546 705 618 756 solus
641 723 729 773 neque
747 705 918 774 jurejurando
937 724 1025 775 neque

106 773 244 826 obsidibus
268 783 408 825 teneretur.
446 774 497 826 Sed
515 772 603 841 pejus²
621 774 766 827 victoribus
784 775 923 845 Sequanis,
942 793 1025 845 quarn

105 843 209 896 Aeduis
221 843 301 894 victis
318 842 464 910 accidisse3
484 851 622 911 propterea
640 844 709 910 quod
729 845 886 912 Ariovistus,
902 863 947 897 rex
960 847 1040 903 Ger·⁴

105 928 253 981 manorum,
263 912 289 964 in
299 929 391 965 eorum
399 912 496 964 finibus
504 912 669 964 consedisset
679 913 840 981 tertiamque
850 922 957 982 partem
969 913 1024 981 agri

105 981 229 1050 Sequani,
239 982 284 1050 qui
297 990 368 1032 esset
378 981 494 1049 optimus
506 983 585 1033 totius
593 981 705 1049 Galliae,
715 983 900 1049 occupavisset
913 992 940 1035 et
953 999 1024 1035 nunc

104 1052 139 1103 de
157 1050 241 1102 altera
260 1059 334 1117 parte
353 1050 429 1102 tertia
448 1050 584 1118 Sequanos
601 1050 734 1102 decedere
751 1050 864 1120 juberet,
884 1063 1021 1121 propterea

103 1119 175 1189 quod
194 1121 286 1188 paucis
304 1120 443 1172 mensibus
460 1128 522 1171 ante
541 1119 689 1171 Harudum⁸
702 1121 775 1171 milia
788 1120 928 1172 hominum
946 1138 1022 1174 xxtv.

102 1189 137 1241 ad
148 1207 209 1241 eum
218 1188 360 1256 venissent,
371 1189 469 1257 quibus
478 1188 552 1240 locus
564 1204 595 1238 ac
605 1188 684 1240 sedes
692 1198 854 1257 pararentur.
892 1190 1024 1244 Futurum

104 1275 165 1310 esse
182 1259 276 1326 paucis
294 1259 369 1309 annis
387 1258 426 1310 uti
443 1259 546 1309 omnes⁴
563 1273 598 1308 ex
612 1257 716 1309 Galliae
734 1258 833 1311 finibus
850 1259 1021 1328 pellerentur,

102 1338 184 1396 atque
196 1344 290 1378 omues
302 1327 428 1379 Germani
447 1326 570 1378 Rhenum
589 1327 742 1379 transirent:
762 1345 850 1396 neque
870 1328 943 1380 enim
962 1345 1023 1381 con·

102 1397 243 1448 ferendum
257 1412 317 1447 esse
330 1394 463 1448 Gallicum
477 1412 539 1447 cum
553 1396 745 1448 Germanorum
766 1413 836 1467 agre,
850 1414 940 1465 neque
952 1397 1024 1450 hanc

102 1465 325 1517 cousuetudinem
344 1465 431 1516 victus
448 1481 511 1516 curn
530 1464 576 1515 illa
593 1465 809 1532 comparandam.
857 1467 1023 1520 Ariovistum

101 1542 202 1602 autem,
211 1543 240 1587 ut
253 1532 338 1586 semel
346 1534 483 1586 Gallorum
492 1534 581 1602 copias
589 1533 687 1601 proelio
695 1534 795 1602 vicerit,
806 1535 875 1602 quod
890 1535 1023 1603 proelium

102 1603 203 1656 factum
223 1605 255 1655 sit
273 1603 307 1655 ad
325 1602 528 1670 Mageto'criam,
543 1602 657 1670 superbe
675 1611 702 1654 et
720 1603 863 1655 crudeliter
880 1604 1021 1674 imperare,

102 1673 210 1726 obsides
228 1672 385 1726 nobilissimi
404 1671 536 1740 cujusque
555 1671 653 1723 liberos
670 1689 779 1740 poscere
792 1680 820 1724 et
832 1673 858 1724 in
870 1689 918 1724 eos
933 1674 1022 1727 omnia

102 1742 228 1811 exempla
239 1743 437 1809 cruciatusque⁶
449 1741 537 1804 edere,
552 1741 574 1792 si
586 1757 640 1808 qua
652 1758 695 1792 res
707 1758 758 1793 nou
770 1741 805 1793 ad
817 1751 915 1794 nutum
928 1752 975 1795 aut
987 1743 1021 1796 ad

102 1812 267 1864 voluntatem
280 1810 338 1879 ejus
351 1810 422 1862 facta
434 1810 476 1861 sit.
512 1811 655 1861 Hominem
673 1827 734 1862 esse
752 1810 903 1880 barbarum,
918 1813 1022 1865 iracun-

102 1880 176 1950 dum,
191 1881 378 1933 temerarium:
398 1897 448 1931 uon
462 1896 541 1947 posse
553 1878 613 1948 ojus
629 1879 741 1947 imperia
759 1880 859 1932 diutius
877 1881 1021 1934 sustinere.

101 1951 161 2003 Nisi
173 1949 237 2019 quid
251 1950 277 2000 in
291 1951 405 2002 Caesare
424 1949 574 2017 populoque
592 1950 709 2000 Romano
728 1949 761 2000 sit
779 1949 881 2018 auxilii,
895 1950 1022 2003 omnibus

101 2020 186 2072 Gallis
204 2019 276 2071 idem
295 2035 355 2070 esse
373 2017 536 2085 faciendum,
550 2017 622 2086 quod
637 2017 751 2069 Helvetii
765 2017 883 2086 fecerint,
898 2027 928 2071 ut
940 2020 1022 2072 domo

101 2091 243 2157 emigrent,
254 2087 326 2140 aliud
339 2087 513 2154 domicilium,
528 2087 595 2138 alias
608 2087 694 2155 sedes,
708 2096 823 2139 remotas
840 2105 856 2139 a
868 2086 1021 2157 Germanis,

100 2167 193 2228 petant
205 2158 398 2225 fortunamque,
412 2173 589 2225 quaecunque
602 2155 717 2224 accidat,
731 2157 909 2224 experiantur.
945 2158 1022 2210 Haec

101 2229 124 2280 si
142 2228 280 2281 enuntiata
297 2225 429 2279 Ariovisto
453 2226 512 2294 sint,
532 2241 584 2276 non
605 2224 737 2293 dubitare,
757 2225 822 2294 quin
839 2225 874 2277 de
893 2227 1021 2280 omnibus

100 2297 245 2366 obsidibus,
259 2296 305 2364 qui
318 2295 389 2363 apud
400 2312 462 2347 eum
476 2295 535 2362 sint,
543 2293 732 2360 gravissimum
745 2295 907 2363 supplicium
921 2308 1019 2348 sumat.

99 2368 244 2420 Caesarem
256 2364 300 2418 vel
312 2365 467 2416 auctoritate
481 2381 529 2416 sua
541 2371 624 2430 atque
637 2364 778 2432 exercitus,
794 2363 838 2415 vel
851 2366 953 2416 recenti
966 2366 1021 2418 vic-

101 2437 175 2505 toria,
194 2436 238 2488 vel
256 2434 363 2487 nomine
382 2433 472 2502 populi
490 2433 603 2485 Romani
622 2433 756 2484 deterrere
774 2448 860 2500 posse,
881 2451 916 2484 ue
934 2434 1021 2504 major

99 2505 242 2559 multitudo
272 2505 466 2557 Germanorum
500 2501 625 2555 Rhenum
654 2501 815 2571 traducatur,
847 2501 1021 2574 Galliamque

99 2593 208 2629 omnem
220 2575 255 2627 ab
267 2572 393 2626 Ariovisti
405 2571 502 2641 injuria
514 2587 593 2641 posse
606 2569 763 2623 defendere.

126 2758 135 2785 ¹
145 2755 193 2803 See
204 2754 235 2802 vi.
246 2757 282 2802 12.

125 2841 219 2903 'Pejus
228 2839 286 2888 here
297 2838 405 2900 significa
419 2843 448 2897 ‘a
458 2854 537 2886 worse
548 2838 633 2900 thing.¹

126 2929 273 2976 ¹Harudum
283 2927 304 2974 is
315 2935 357 2974 not
368 2937 393 2974 to
404 2928 435 2975 be
443 2925 527 2986 Joined
543 2942 570 2973 as
585 2942 616 2973 an
632 2926 753 2986 adjective
764 2933 789 2973 to
799 2927 926 2983 lominum,
938 2927 984 2975 but
1000 2927 1022 2976 is

96 2989 137 3038 the
149 2988 255 3048 genitive
267 2986 295 3033 of
307 2986 428 3043 Harudes,
441 2986 564 3047 governed
575 2987 608 3044 by
618 2988 743 3034 lominum.

124 3077 261 3136 ‘Namely,
276 3077 350 3125 Galli.

123 3166 134 3194 ⁸
145 3163 271 3212 Graculus
282 3163 303 3210 is
314 3162 407 3222 merely
417 3179 448 3211 an
458 3160 612 3221 explanation
623 3160 651 3210 of
662 3160 704 3208 the
720 3168 783 3208 term
794 3163 905 3224 exemplo,
917 3161 962 3214 tha
977 3177 1019 3214 ex.

95 3223 188 3284 amples
198 3223 230 3272 he
241 3222 311 3272 made
323 3222 456 3284 comistirrg
467 3223 492 3271 iu
501 3221 544 3270 the
556 3220 674 3271 inflictiou
684 3219 712 3269 of
724 3219 790 3270 cruel
801 3228 914 3270 torturas.
