2250 3736
116 221 156 280 88
420 239 462 278 na
484 238 581 277 suano
601 236 737 278 asiarco.

116 348 194 417 longe
213 347 365 417 peritissimi
378 348 514 417 Aquitani,
529 355 667 416 propterea
685 346 757 416 quod
774 345 867 399 multis
883 344 940 398 locis

116 435 164 469 eos
188 418 305 470 aerariae
335 419 545 487 structuraeque¹
569 427 638 485 sunt,
660 417 706 469 ubi
730 416 867 485 diligentia
890 432 940 468 nos

115 488 182 540 nihil
202 487 243 539 his
263 488 343 539 rebus
360 488 450 556 profici
475 505 552 556 posse
574 487 769 555 intellexerunt,
789 487 891 554 legatos
909 485 940 538 ad

116 574 178 609 sum
191 559 298 609 mittunt
317 575 399 626 seque
419 558 444 609 in
461 558 627 609 deditionem
645 565 672 608 ut
692 557 827 625 recipiant,
841 564 940 626 petunt.

116 643 144 679 te
157 628 299 696 impetrata
311 645 385 678 arma
398 628 501 679 tradere
514 626 580 706 jussi
594 627 704 678 faciunt.

152 701 193 747 22.
213 699 301 764 Atque
315 697 343 748 in
357 714 390 748 ea
404 715 429 748 re
447 698 569 748 omnium
580 706 727 748 nostrorum
747 695 856 747 intentis
872 694 940 746 anim

116 763 151 817 eir
162 775 236 834 parte
249 767 339 834 oppidi
352 767 511 832 Adiatunus,
525 767 570 834 qui
584 783 719 818 summam
733 765 836 833 imperii
851 763 940 816 tenebo

116 851 160 887 no.
179 835 291 904 devotis,
312 852 379 904 quos
399 835 435 887 illi
455 835 593 887 soldurios²
615 834 758 903 appellant,
779 851 893 902 qnorum
912 833 940 884 ha

116 904 238 973 conditio,
252 914 281 957 ut
293 905 417 957 omnibus
430 907 457 956 in
469 906 524 956 vita
537 904 686 956 commodis
704 921 759 955 una
776 921 839 955 cum
852 903 895 954 his
912 901 940 954 in

115 990 230 1042 qnorum
248 992 276 1025 se
295 975 428 1026 amicitiae
446 974 604 1042 dediderint,
619 974 641 1024 si
657 973 720 1041 quid
733 973 775 1026 his
794 991 840 1040 per
853 973 910 1024 vim
926 989 940 1022 a

116 1052 163 1094 ant
175 1043 294 1096 eundem
310 1061 403 1095 casnm
416 1061 469 1096 una
482 1043 576 1110 ferant,
590 1051 636 1094 aut
655 1043 704 1095 sibi
725 1051 837 1095 mortem
857 1042 940 1093 consci

116 1129 205 1181 neque
223 1113 313 1165 adhuc
331 1112 471 1166 hominum
489 1113 617 1165 memoria
638 1121 757 1180 repertus
775 1121 816 1163 est
831 1112 940 1180 qnisqua

117 1198 149 1232 eo
168 1184 315 1251 interiecto,
333 1182 411 1251 cujus
429 1201 457 1235 se
476 1183 610 1235 amicitiae
629 1182 788 1250 devovisset,
805 1181 871 1232 mori
892 1197 940 1232 rect

116 1267 181 1304 curn
192 1252 234 1304 his
246 1253 399 1305 Adiatunus
411 1253 577 1321 eruptionem
590 1252 679 1303 facere
692 1260 810 1318 conatus,
824 1250 939 1302 clamore

116 1332 191 1389 parte
205 1322 358 1374 munitionis
371 1323 481 1388 sublat0,
496 1339 557 1374 cnm
576 1321 611 1373 ad
628 1338 704 1373 arma
721 1320 821 1372 milites
839 1335 940 1371 concurr

116 1391 347 1459 vehementerque
371 1392 408 1443 ibi
432 1400 579 1460 pugnatum
607 1400 687 1457 esset,
712 1390 835 1458 repulsus
862 1391 887 1441 in
913 1405 940 1456 op

118 1466 208 1512 tamen
230 1460 268 1512 uti
291 1459 389 1513 eadem
409 1461 553 1513 deditionis
573 1461 724 1512 conditione
744 1467 870 1528 uteretur,
892 1458 926 1511 ab

116 1528 278 1597 impetravit.
455 1581 457 1584 ,

153 1603 194 1650 23.
214 1599 304 1652 Armis
319 1599 510 1668 obsidibusque
528 1599 647 1666 acceptis
660 1599 771 1650 Crassus
783 1597 809 1648 in
821 1597 889 1649 fines
900 1596 939 1648 Vo

117 1676 144 1719 et
167 1669 338 1721 Tarusatium
359 1670 494 1738 prolectas
513 1679 562 1722 est.
599 1670 670 1720 Tum
688 1684 751 1718 vero
774 1666 880 1719 barbari
903 1682 940 1718 cor

116 1737 187 1805 quod
200 1734 328 1806 oppidum
342 1748 368 1790 et
381 1747 474 1790 natura
486 1739 536 1790 loci
549 1747 575 1790 et
589 1754 670 1790 manu
683 1737 817 1788 munitum
831 1735 940 1804 paucist

117 1806 224 1874 quibus³
244 1825 276 1858 eo
297 1817 410 1860 ventum
433 1817 497 1876 erat,
522 1816 706 1876 expugnatum
730 1814 916 1874 cognoverant,

116 1893 332 1945 quoquoversum
356 1877 500 1945 dimittere,
524 1877 670 1945 conjurare,
695 1876 802 1928 obsides
826 1876 893 1927 inter
917 1891 940 1926 se

117 1947 209 2014 copias
229 1963 322 2014 parare
342 1956 496 2015 coeperunt.
532 1947 677 1998 Mittuntur
697 1947 780 1998 etiam
800 1945 834 1996 ad
855 1961 902 1995 eas
920 1944 941 1996 ci

116 2013 207 2082 legati,
228 2033 298 2084 quae
319 2026 379 2068 sunt
397 2015 525 2068 citerioris
545 2016 688 2083 Hispaniae
706 2015 846 2068 finitimae⁴
864 2015 940 2082 Aqui*

116 2083 179 2135 inde
192 2085 291 2136 auxilia
303 2086 440 2154 ducesque
455 2096 634 2137 arcessuntur.
670 2085 789 2142 Quorum
805 2083 935 2135 adventn⁵

96 2204 107 2214 ,
117 2169 181 2205 cum
198 2155 355 2206 anctoritate
369 2163 395 2206 et
408 2172 507 2221 magna
524 2171 586 2206 cum
600 2153 738 2205 hominum
752 2153 923 2204 multitudine

116 2238 210 2288 gerere
228 2233 365 2276 conantur.
402 2225 491 2276 Duces
503 2241 565 2274 vero
584 2223 603 2275 ii
621 2223 780 2290 deliguntur,
798 2223 844 2290 qui
863 2238 916 2274 una
935 2241 940 2271 r

97 2289 239 2344 'Sertorio⁶
261 2311 356 2346 omnes
379 2309 463 2345 annos
486 2292 591 2345 fuerant
615 2308 806 2360 summamque
833 2291 940 2343 scientia

146 2519 154 2546 ¹
165 2514 229 2561 That
242 2514 271 2570 is,
287 2513 389 2570 ‘mines
403 2513 449 2561 and
466 2515 654 2562 subterraneous
671 2521 805 2559 structuras
816 2526 843 2558 or
853 2526 940 2573 passag

116 2576 190 2622 latter
201 2574 281 2621 words
292 2573 365 2634 being
376 2589 407 2620 an
417 2573 572 2631 explanation
583 2571 611 2619 of
623 2571 664 2618 the
676 2571 771 2618 former.

146 2663 155 2691 ²
165 2659 220 2708 The
236 2661 350 2720 meaning
367 2659 395 2708 of
408 2660 456 2708 this
470 2660 549 2707 Gallio
560 2659 628 2707 word
638 2660 741 2707 soldurii
752 2658 772 2705 is
783 2656 902 2716 probably
913 2673 940 2706 er

118 2721 151 2779 hy
161 2720 202 2768 the
214 2719 282 2767 word
292 2721 377 2775 devoti,
391 2719 438 2767 and
452 2719 470 2766 it
485 2720 506 2766 is
523 2729 565 2767 not
576 2734 636 2778 very
647 2718 724 2777 likely
735 2717 795 2772 that,
809 2732 835 2764 as
853 2732 923 2764 some

116 2780 159 2827 tha
171 2779 238 2827 word
248 2779 269 2826 is
280 2777 342 2826 from
352 2778 394 2826 the
406 2795 472 2826 same
484 2788 536 2826 root
548 2794 574 2825 aa
586 2794 629 2825 our
640 2777 707 2824 word
718 2778 813 2824 soldier.

146 2864 232 2912 ⁸That
243 2864 273 2921 is,
289 2863 376 2912 ‘afcw
384 2864 445 2924 days
457 2864 517 2912 after
527 2864 587 2924 they
595 2863 643 2911 had
654 2862 748 2911 arrived
758 2861 845 2909 there!
869 2861 919 2910 See
931 2879 940 2911 t

147 2953 157 2981 ⁴
167 2951 233 2998 That
246 2951 274 3007 is,
283 2968 344 3011 quoe
352 2954 378 2999 in
386 2954 493 3000 citeriore
499 2952 622 3013 Hispania
627 2953 748 3012 finitimae
756 2959 813 2997 sunt
821 2948 940 3009 Aquitani

117 3013 189 3058 timae
199 3010 272 3069 being
283 3011 323 3057 the
336 3011 457 3070 predicate
469 3021 494 3058 to
505 3027 572 3072 qnae.

119 3098 157 3203 Μ’
166 3096 280 3201 Adoptio
291 3096 312 3144 is
323 3097 365 3144 the
376 3098 481 3146 ablativa
493 3097 521 3146 oi
530 3098 598 3155 time,
614 3102 659 3144 ‘on
670 3097 734 3145 their
744 3095 846 3144 arrival)
881 3095 940 3144 Con

150 3171 211 3212 ,vn
240 3190 246 3202 .

149 3243 159 3270 ⁸
169 3241 202 3296 Q.
211 3241 341 3297 Sertorius,
350 3258 395 3290 one
407 3243 435 3291 of
442 3244 483 3291 the
495 3253 602 3304 greatest
611 3259 667 3291 men
677 3242 705 3289 of
712 3243 749 3289 hi·
761 3241 829 3296 time,
838 3240 887 3289 fied
899 3241 940 3290 fro

120 3299 198 3350 attha
209 3301 269 3350 time
280 3300 308 3350 os
320 3300 412 3351 Sulla’s
428 3303 544 3365 triumph,
558 3303 583 3351 ia
594 3318 617 3351 a.
630 3316 651 3351 c.
663 3305 702 3360 84,
716 3301 763 3350 and
779 3299 935 3355 established
