2250 3736
109 234 148 294 38
412 255 452 292 oe
474 255 569 293 acuto
591 253 728 295 eaamco.

108 361 140 412 tis
160 361 244 430 equis,
264 372 292 413 ut
311 370 425 429 aequato
445 362 564 413 omnium
585 360 701 428 periculo
721 378 796 428 spem
816 359 897 427 fugae
919 360 1029 431 tolleret,

107 429 258 482 cohortatus
271 447 333 482 suos
351 431 480 498 proelium
500 430 642 482 commisit.
678 429 781 481 Milites
793 447 808 480 e
821 428 880 481 loco
893 431 1028 496 superiore

107 498 168 566 pilis
185 500 275 551 missis
290 499 368 550 facile
388 499 502 551 hostium
516 499 675 566 phalangem
688 498 879 566 perfregerunt.
918 499 959 550 Ea
977 499 1029 553 dis

110 567 181 635 jecta
193 569 288 635 gladiis
300 568 434 620 destrictis
444 569 469 620 in
482 586 528 620 ecs
538 569 667 636 impetum
681 567 809 619 lecerunt.
834 567 920 619 Gallis
933 585 1029 634 magno

106 637 141 688 ad
161 654 279 705 pugnam
302 646 358 689 erat
379 638 577 706 impedimento,
600 637 671 704 quod
692 637 812 704 pluribus
832 653 925 687 eorum
946 639 1028 689 scutis

107 721 159 757 uno
178 707 231 759 ictu
249 707 362 775 pilorum
383 707 515 758 transfixis
535 716 562 758 et
581 707 716 773 colligatis,
735 723 798 758 cum
819 705 919 757 serrum
940 723 970 756 se
991 708 1028 757 in·

106 774 232 841 flexisset,
244 792 330 843 neque
340 775 456 827 evellere
466 792 552 843 neque
562 776 668 826 sinistra
676 775 804 843 impedita
813 776 877 826 satis
885 775 1028 827 commode

54 857 60 863 ·
106 860 223 912 pugnare
242 853 376 914 poterant;
395 845 472 896 multi
489 854 518 896 ut
536 845 582 895 diu
599 844 697 913 jactato
717 844 823 896 brachio
841 854 1027 912 praeoptarent

107 921 211 965 scutum
232 931 313 966 manu
334 915 457 966 emittere
478 922 504 965 et
524 913 594 965 nudo
613 930 720 981 corpore
739 929 865 981 pugnare.
903 913 1027 966 Tandem

106 981 260 1034 vulneribus
277 982 377 1034 defessi
395 991 422 1034 et
440 983 538 1051 pedem
556 982 653 1033 reterre
672 991 706 1048 et,
726 983 796 1050 quod
814 1000 891 1033 mons
910 982 1027 1035 suberat¹

105 1050 209 1102 circiter
223 1051 296 1103 mille
310 1069 444 1119 passuum,
455 1067 487 1102 eo
497 1069 525 1102 se
535 1052 653 1118 recipere
663 1063 815 1119 coeperunt.
840 1052 922 1119 Capto
937 1063 1028 1104 monte

105 1128 132 1172 et
145 1121 351 1173 succedentibus
365 1122 459 1173 nostris
470 1120 527 1172 Boii
539 1131 566 1172 et
578 1120 693 1187 Tulingi,
707 1121 753 1187 qui
766 1121 904 1172 hominum
918 1121 1028 1173 milibus

104 1188 209 1242 circiter
219 1207 265 1243 xv.
278 1206 374 1256 agmen
388 1190 504 1242 hostium
517 1188 678 1241 claudebant
690 1198 717 1240 et
730 1190 881 1241 novissimis
893 1190 1029 1257 praesidio

103 1267 184 1328 erant,
199 1275 233 1312 ex
245 1259 337 1310 itinere
350 1269 450 1311 nostros
467 1260 548 1311 latere
567 1268 659 1327 aperto
677 1258 795 1325 adgressi
813 1254 1027 1330 circumvenere,

104 1336 131 1378 et
155 1327 181 1380 id
203 1328 347 1395 conspicati
367 1328 491 1397 Helvetii,
513 1329 558 1397 qui
584 1330 610 1379 in
634 1337 751 1380 montem
777 1345 836 1380 sese
861 1337 1027 1397 receperant,

104 1411 194 1448 rursus
213 1398 310 1448 instare
329 1405 355 1448 et
376 1395 505 1464 proelium
527 1397 704 1463 redintegrare
725 1405 877 1465 coeperunt.
914 1398 1030 1451 Romani

103 1480 232 1517 conversa
250 1466 324 1532 signa
342 1466 463 1535 bipartito
482 1467 640 1534 intulerunt,
659 1466 744 1534 prima
762 1474 789 1518 et
807 1465 928 1518 secunda
945 1468 1027 1536 acies,

103 1542 132 1585 ut
153 1534 232 1587 victis
253 1552 286 1585 ao
306 1536 447 1601 summotis
470 1536 611 1605 resisteret,
634 1536 718 1604 tertia,
738 1544 768 1587 ut
788 1536 929 1588 venientes
950 1539 1028 1588 susti·

102 1613 188 1658 neret.

138 1677 179 1724 26.
202 1673 241 1724 lta
261 1672 369 1741 ancipiti
392 1672 490 1742 proelio
510 1672 557 1725 diu
580 1681 660 1741 atque
683 1673 779 1724 acriter
802 1681 953 1742 pugnatum
977 1683 1026 1727 est.

102 1740 208 1794 Diutius
226 1758 289 1793 oum
309 1742 438 1794 sustinere
458 1750 603 1793 nostrorum
623 1744 739 1808 impetus
757 1759 808 1793 non
820 1752 937 1811 possent,
951 1744 1026 1796 alteri

102 1826 139 1880 se,
152 1820 179 1862 ut
188 1820 337 1879 coeperant,
349 1811 375 1862 in
387 1821 507 1863 montem
521 1821 685 1879 receperunt,
696 1810 772 1862 alteri
781 1811 815 1862 ad
829 1813 1026 1880 impedimenta

100 1887 128 1931 et
147 1895 234 1930 carros
251 1896 313 1931 suos
332 1897 361 1931 se
380 1879 563 1932 contulerunt:
583 1897 645 1932 nam
658 1880 709 1931 hoe
722 1889 774 1931 toto
792 1881 899 1949 proelio,
914 1899 978 1934 eum
991 1883 1024 1934 ab

100 1946 165 2000 hura
188 1948 302 2016 septima
321 1949 355 1999 ad
375 1966 516 2016 vesperum
538 1959 685 2017 pugnatum
709 1952 750 2016 sit,
773 1966 900 2002 aversum
919 1950 1024 2003 hostem

100 2016 191 2068 videre
200 2034 279 2068 nemo
292 2017 382 2085 putuit.
404 2019 446 2069 Ad
457 2017 568 2070 multam
580 2028 685 2070 noctem
695 2018 818 2069 etiamad
829 2018 1034 2086 impedimenta·

99 2095 247 2205 pugnatum
262 2095 309 2154 est,
323 2095 462 2156 propterea
480 2087 549 2155 quod
563 2104 608 2155 pro
621 2087 690 2138 vallo
703 2103 790 2138 carros
802 2087 956 2156 objecerant
969 2097 996 2141 et
1009 2106 1022 2140 e

110 2171 157 2206 oco
176 2157 310 2223 superiore
330 2157 354 2207 in
375 2165 475 2207 nostros
488 2156 626 2208 venientes
644 2155 698 2207 tela
716 2155 900 2224 conjiciebant,
915 2166 942 2209 et
961 2175 1022 2210 non·

100 2223 165 2275 nulli
184 2225 252 2283 inter
270 2240 358 2277 carros
376 2234 498 2293 rotasque
518 2226 643 2277 mataras⁹
660 2241 691 2276 ao
710 2225 826 2292 tragulas
845 2226 1022 2295 subjiciebant

99 2301 253 2361 nostrosque
273 2293 455 2345 vulnerabant.
493 2295 543 2346 Diu
563 2302 715 2346 comesset
734 2303 889 2362 pugnatum,
910 2295 1022 2364 impedi-

98 2362 197 2415 mentis
210 2364 356 2431 castrisque
369 2363 449 2414 nostri
461 2363 534 2432 potiti
548 2372 617 2415 sunt.
648 2363 688 2414 Ibi
701 2364 861 2430 Orgetorigis
873 2364 929 2415 filia
941 2374 1021 2433 atque

98 2446 168 2483 unus
181 2448 195 2482 e
208 2432 269 2483 filiis
281 2440 375 2500 eaptus
388 2440 436 2483 est.
469 2433 510 2484 Ex
523 2449 554 2484 eu
567 2432 665 2501 proelio
679 2433 782 2484 circiter
794 2432 933 2485 hominum
948 2433 1022 2486 milia

98 2516 178 2553 cxxx.
193 2501 379 2568 superfuerunt
396 2518 481 2569 eaque
498 2509 552 2553 tota
570 2511 647 2553 noete
664 2502 830 2567 continenter
842 2503 945 2555 ierunt:
966 2503 1021 2555 nul·

97 2565 153 2622 lam
169 2577 271 2637 partem
290 2570 374 2644 noetis
392 2569 485 2621 itinere
504 2571 653 2623 intermisso
671 2571 698 2622 in
716 2571 783 2623 fines
800 2571 960 2638 Lingonum⁸
978 2573 1021 2624 die

125 2740 133 2767 ¹
144 2737 252 2792 Suberat,
268 2741 333 2785 ‘was
345 2754 402 2785 near
410 2739 427 2795 ;’
446 2739 486 2786 the
498 2739 606 2787 distance
618 2742 729 2787 between
741 2740 808 2787 them
820 2742 866 2788 and
877 2741 919 2788 the
936 2757 1020 2790 moun·

96 2796 146 2843 tain
158 2813 208 2844 was
220 2799 293 2844 about
310 2813 355 2844 one
372 2798 492 2845 thousand
508 2814 587 2855 paces.
621 2799 675 2845 The
692 2800 766 2858 genit.
776 2816 898 2866 'passuum
913 2801 1022 2859 depende

96 2870 160 2960 upon
169 2858 240 2923 mille,
252 2856 334 2926 which¹
343 2857 363 2904 is
375 2857 517 2926 sometimes
526 2857 587 2925 used
598 2873 624 2905 as
636 2873 650 2904 a
660 2861 812 2905 substantrve
824 2858 848 2905 in
860 2858 901 2906 the
913 2860 1023 2920 singular

96 2928 155 2964 uso.
188 2915 240 2961 Cic.
255 2933 279 2976 p.
292 2915 350 2963 Mu.
363 2920 400 2972 20,
413 2915 503 2976 Plnlep.
516 2931 547 2962 vl.
560 2920 581 2962 5.

124 2985 252 3042 ’Matura
261 3003 296 3043 or,
306 3004 332 3036 as
344 3005 411 3036 some
424 2989 485 3035 have
494 2989 520 3043 it,
530 2991 634 3045 materis,
644 2989 664 3036 is
674 2989 773 3037 aCeltio
782 2989 857 3037 word.
866 2990 1024 3053 sv’gntfyinga

95 3043 189 3150 parelio
200 3061 226 3092 or
237 3046 311 3093 lance.
339 3047 394 3094 The
406 3050 504 3108 tragula
512 3063 563 3095 was
576 3047 685 3095 lihowise
697 3064 711 3095 a
722 3058 771 3096 sort
781 3049 805 3117 pl
812 3049 914 3108 javelin,
925 3051 1022 3102 thrown

95 3119 224 3209 Bpipprelpns
240 3103 268 3151 of
281 3120 295 3151 a
310 3105 393 3165 thong.
425 3106 448 3152 It
466 3122 516 3154 was
533 3106 594 3154 used
611 3108 643 3166 by
655 3107 696 3154 the
714 3107 853 3166 Spaniards,
868 3108 957 3167 Gauls,
976 3111 1022 3160 and

123 3235 202 3281 ¹The
220 3233 344 3293 Lingones
363 3235 487 3283 inhabited
503 3237 544 3284 the
562 3248 664 3298 country
680 3249 705 3286 to
722 3238 764 3289 the
781 3240 918 3289 north-east
936 3242 966 3291 ot*
981 3243 1021 3293 thu

95 3291 186 3349 Aedui,
199 3293 272 3340 about
285 3293 326 3340 the
338 3309 436 3342 sources
448 3295 476 3342 of
488 3296 528 3342 the
540 3296 615 3344 rivers
628 3298 700 3345 Seiae
712 3297 759 3346 and
771 3298 866 3348 Marna.
