2250 3736
146 102 203 161 iud
446 117 488 158 ua
509 115 607 157 sunno
628 115 764 157 narsico.

143 227 196 282 huc
219 242 313 279 omnes
340 241 405 280 suas
430 225 549 278 fortunas
575 223 710 277 exercitus
733 223 912 278 Rornanorum
940 216 1061 277 contu!
1109 220 1117 252 ³

143 296 267 368 praesidii
280 297 394 348 tantum¹
407 304 455 364 est,
469 303 497 348 ut
510 311 545 347 ne
560 309 653 346 murus
665 291 774 362 quidem
787 293 859 360 cingi
876 295 966 363 possit,
979 289 1117 362 nei-„⁴

143 367 285 436 quisquam
302 365 393 432 egredi
413 376 487 417 extra
505 363 667 417 munitiones
685 362 791 414 audeat.
827 363 923 417 Oblata
940 381 987 432 spe
1003 365 1025 416 G
1040 358 1117 399 A

143 437 223 502 marii,
237 451 319 502 quain
338 435 409 487 nacti
425 442 499 486 erant
517 435 654 502 praedam,
669 432 812 484 inocculto
831 432 981 501 relinquunt
990 449 998 500 3
1016 427 1117 501 ἰῇ

143 505 314 560 Aduatucam
332 505 502 574 contendunt,
522 503 564 555 us'i
583 502 680 555 eodem
697 501 775 572 duce,
789 499 866 571 cujus
883 501 953 555 haec
970 496 1117 554 indi&

144 582 329 641 cognoverant.

179 649 221 695 36.
240 644 340 712 Cicero,
354 642 400 764 qui
417 659 465 711 per
484 657 578 693 omnes
596 641 745 710 superiores
762 639 822 693 dies
840 641 992 710 praeceptis
1004 633 1117 693 Off

144 714 209 765 saris
230 730 336 764 sumina
375 712 495 779 iligentia
514 711 615 763 milites
633 711 659 762 in
677 709 771 762 castris
791 710 966 763 continuisset
985 727 1017 763 ac

143 783 266 835 calonem
282 782 391 850 quidem
406 797 572 849 quemquam
583 789 659 832 extra
676 779 851 832 munitionem
864 779 956 847 egredi
975 770 1117 848 μεθ

144 861 223 920 esset,
250 852 363 920 septimo
387 850 431 902 die
451 850 577 902 diffidens
601 849 635 901 de
659 864 770 901 numero
793 848 899 901 dierum
926 837 1117 918 Caesar&⁴

144 920 227 974 fidem
251 933 426 986 servaturum,
448 918 518 987 quod
538 919 643 986 longius
663 935 726 970 eum
746 934 916 985 progressum
934 918 1093 971 audiebff
1107 923 1117 936 '⁴

144 1007 233 1059 neque
246 990 299 1042 ulla
312 990 346 1041 de
359 989 446 1041 reditu
458 987 518 1058 ejus
532 988 605 1040 fama
617 987 779 1039 afferebatur
787 1003 794 1056 3
813 987 894 1040 simul
907 1004 1003 1041 eorum
1015 976 1117 1058 pb

143 1070 233 1112 motus
245 1059 363 1126 vocibus,
374 1059 420 1127 qui
434 1058 503 1110 illins
515 1057 670 1126 patientiam
684 1073 769 1125 paene
783 1056 970 1110 obsessionem
981 1056 1117 1126 app?

144 1127 243 1197 labarit,
258 1129 279 1180 si
292 1127 403 1196 quidem
416 1144 450 1179 ex
465 1127 559 1179 castris
576 1125 666 1194 egredi
686 1142 737 1178 non
749 1125 857 1194 liceret;
875 1126 984 1180 nullum
1004 1122 1117 1197 ejib

144 1199 217 1250 modi
229 1214 322 1250 casum
336 1206 502 1266 exspectaris,
513 1213 572 1266 quo,
582 1212 703 1247 novemo
722 1194 815 1264 positis
824 1195 977 1262 legionibus
990 1185 1117 1249 mab

146 1283 243 1334 moque
257 1266 384 1334 equitatu,
394 1266 521 1334 dispersis
533 1282 566 1317 ao
577 1282 663 1334 paene
673 1213 769 1316 deletis
781 1264 910 1332 hostibus,
921 1266 947 1318 in
961 1267 1090 1319 milib(
1114 1330 1117 1337 Ι

145 1352 274 1414 passuum
287 1351 328 1387 111.
343 1334 454 1386 offendi²
471 1343 576 1404 posset;
597 1334 716 1402 quinque
736 1332 858 1387 cohortes
875 1333 1052 1389 frumentatu.
1100 1354 1117 1366 ³

144 1421 170 1455 iri
183 1405 316 1472 proximas
336 1413 442 1472 segetes
459 1405 540 1473 misit,
554 1421 622 1472 quas
640 1404 709 1455 inter
726 1412 752 1456 et
770 1414 856 1456 castra
873 1420 946 1456 unus
964 1397 1117 1459 omnir*¹

143 1473 219 1526 collis
239 1476 371 1526 intererat.
416 1473 572 1542 Complures
593 1480 667 1525 erant
693 1473 718 1524 iii
744 1474 838 1525 castris
863 1488 899 1525 ex
922 1467 1117 1540 legiontbifl

143 1543 216 1609 aegri
234 1544 335 1612 relicti,
354 1560 385 1595 ex
399 1542 497 1611 quibus
510 1542 555 1611 qni
573 1541 624 1594 hoc
642 1542 726 1610 spatio
745 1543 851 1594 dierum
868 1544 1105 1598 convalueranss

143 1612 247 1664 circiter
271 1630 329 1666 occ.
355 1612 406 1664 sub
429 1612 527 1664 vexillo
551 1628 604 1664 una
628 1612 782 1664 mittuntur:
813 1628 913 1679 magna
932 1614 1117 1689 praeter&

142 1681 285 1735 multitudo
303 1681 435 1748 calonum,
454 1697 553 1748 magna
571 1681 613 1733 vis
631 1679 820 1751 jumentorum,
840 1698 912 1750 quae
931 1683 959 1734 iii
979 1688 1117 1737 castili

143 1750 308 1820 subsederat,
322 1752 393 1802 facta
405 1758 544 1819 potestate,
559 1751 686 1818 sequitur.

178 1824 220 1872 37.
239 1821 296 1872 Hoc
319 1820 376 1888 ipso
401 1829 521 1889 tempore
541 1829 568 1871 et
592 1820 665 1871 casu'
682 1819 808 1872 Germani
828 1819 936 1888 equites
956 1821 1117 1874 interve*

141 1889 224 1957 niunt,
238 1890 409 1958 protinusque
428 1889 525 1941 eodem
543 1888 595 1956 illo,
609 1906 661 1956 quo
679 1896 814 1958 venerant,
834 1905 914 1941 cursu
935 1889 972 1942 ab
992 1891 1089 1944 decu·

141 1973 222 2009 mana
246 1967 320 2037 porta
344 1959 370 2010 iii
391 1967 477 2010 castra
501 1960 648 2026 irrumpere
672 1966 815 2010 conantur:
834 1974 885 2010 nec
910 1960 986 2027 prius
1012 1967 1101 2026 sunt„

140 2027 198 2096 visi,
212 2028 324 2097 objectis
336 2027 372 2080 ab
384 2045 417 2079 ea
428 2037 503 2096 parte
516 2027 597 2096 silvis,
630 2045 694 2079 unm
706 2027 800 2079 castris
817 2029 1072 2097 appropinquarent,

141 2112 225 2164 usque
245 2115 285 2165 eo,
299 2105 334 2164 ut,
349 2098 394 2165 qui
410 2097 460 2149 sub
479 2097 547 2148 vallo
564 2045 713 2149 renleiens
730 2105 899 2166 mercatores,
921 2100 1071 2168 recipiendi

140 2166 180 2216 sui
205 2166 361 2218 facultatem
386 2183 438 2218 non
462 2165 600 2218 haberent.
648 2167 818 2234 Inopinantes
841 2166 923 2219 nostri
948 2185 977 2220 rc
1003 2187 1067 2222 nora

139 2236 331 2306 perturbantur,
357 2253 390 2288 so
413 2235 458 2288 vix
484 2236 601 2304 primum
627 2236 761 2305 impetum
788 2234 883 2287 cohors
902 2236 930 2289 in
955 2239 1066 2292 statione

139 2478 145 2490 ι
167 2423 175 2450 ¹
189 2420 292 2469 Tantam
302 2421 440 2490 frequently
450 2421 494 2470 has
511 2422 552 2490 the
564 2423 677 2482 meaning
687 2422 716 2470 of
730 2421 801 2482 ‘only
812 2437 840 2490 ⁸⁰.
850 2421 945 2480 much,’
958 2423 1065 2473 intimat·

138 2494 180 2541 ing
191 2480 243 2528 thet
254 2481 323 2528 there
335 2497 355 2528 is
367 2481 429 2528 little
441 2481 469 2528 of
481 2497 495 2528 a
505 2481 582 2542 thing.
616 2481 662 2529 See
674 2482 705 2528 vi.
715 2485 753 2538 27,
767 2481 814 2528 and
824 2481 848 2528 ii.
858 2484 881 2529 8.

166 2570 176 2597 ²
189 2566 312 2628 Offendere
322 2568 343 2615 is
353 2567 475 2626 properly,
491 2573 529 2615 ‘to
541 2569 647 2616 stumble
659 2569 752 2628 against
769 2567 912 2628 anything3’
930 2568 1010 2618 lienoe
1026 2571 1066 2620 the

137 2627 233 2686 passive
244 2629 338 2688 offendi,
355 2633 393 2674 ‘to
404 2629 434 2674 be
446 2637 495 2674 met
508 2630 540 2686 by
551 2628 690 2687 something
701 2627 781 2674 which
792 2627 813 2675 is
825 2643 855 2674 ari
866 2628 977 2675 obstacle
989 2629 1013 2676 iii
1024 2645 1067 2679 our

137 2701 192 2744 way
201 2687 217 2742 ς’
236 2686 287 2733 that
301 2687 329 2742 is,
345 2691 385 2733 ‘to
397 2696 528 2733 enecunter
539 2702 553 2733 a
564 2686 683 2745 difficulty
692 2702 719 2733 or
729 2687 836 2745 danger)
861 2684 892 2733 Ia
902 2689 1000 2736 milibus
1009 2706 1065 2750 poa·

136 2761 207 2792 auam
222 2747 311 2802 tribou
330 2745 371 2792 tlie
388 2745 535 2813 preposition
547 2747 573 2792 in
584 2745 641 2793 here
658 2761 739 2793 seems
750 2756 775 2792 to
786 2744 873 2792 denote
886 2760 973 2794 causer
995 2751 1065 2794 ‘com

136 2802 243 2864 sidering
254 2805 310 2865 that
318 2805 359 2852 the
371 2804 479 2851 distance
492 2820 542 2851 was
553 2804 611 2863 only
623 2805 691 2852 three
703 2803 822 2852 thousand
834 2805 924 2862 paces)

166 2889 175 2918 ¹
185 2890 230 2937 ‘At
243 2889 290 2938 this
302 2900 419 2947 moment,
433 2891 479 2938 and
490 2891 567 2938 under
577 2891 647 2939 these
659 2891 812 2939 unfortunate
824 2889 1034 2939 circumstances!

165 2976 175 3003 ⁴
187 2975 291 3023 Tendere
301 2977 327 3045 iri
337 2977 385 3024 this
397 2993 499 3037 passage
511 2977 555 3024 has
571 2976 612 3024 the
624 2993 691 3025 same
703 2976 864 3084 signification
875 2992 902 3024 as
910 2978 941 3044 'in
952 2980 1065 3027 tentoriis

137 3051 195 3089 asse,
209 3040 249 3081 ‘to
260 3037 290 3083 be
305 3051 329 3082 in
344 3035 386 3083 tlie
403 3037 485 3084 tenta)
520 3036 727 3095 Tradespcopleo
752 3050 826 3095 every
836 3034 995 3094 description,
1008 3037 1065 3086 wlio

136 3091 250 3141 followed
261 3094 303 3141 the
315 3094 412 3142 Roman
423 3111 501 3153 camp,
512 3094 560 3142 had
571 3111 585 3142 a
596 3096 663 3153 place
675 3095 788 3156 assigned
799 3094 902 3143 rothem
913 3095 1011 3144 outside
1023 3095 1063 3145 tha

137 3154 270 3213 samm-but
281 3153 347 3202 close
359 3162 384 3200 to
395 3152 436 3200 the
447 3163 552 3214 rampart
565 3157 615 3209 (suli
626 3157 706 3208 vallo).
