2250 3736
451 251 542 288 uranu
563 251 615 288 vri.
867 188 874 212 x
939 235 999 292 20³

72 374 175 427 nmque
193 357 338 410 difficultas
357 358 530 426 impediebat,
549 368 605 409 tum
626 358 718 409 marrssrr
731 375 752 423 e,
773 357 842 426 quod
863 358 997 428 abjuncto¹
1029 367 1032 375 ⁴

75 428 192 480 Labieno
210 437 291 495 atque
310 428 342 479 iis
360 427 516 496 legionibtm,
531 444 597 496 quas
615 443 668 478 una
686 428 802 496 miserat,
824 429 999 480 vehementer

72 497 195 550 timebat.
232 497 325 565 ltaque
349 497 496 548 admodum
521 497 625 562 maguis
642 496 743 548 diurnis
766 504 847 566 atque
865 499 999 551 nocturnis

72 567 213 618 itineribus
231 567 368 635 conlectis,
388 577 478 618 contra
501 568 621 617 omnium
645 567 800 634 opinionem
823 566 857 618 ad
880 567 999 634 Ligerim

72 637 210 705 pervenit,
235 637 356 703 vadoque
381 652 429 704 per
447 638 553 703 equites
577 636 692 702 invento,
718 652 763 704 pro
782 636 819 687 rei
838 636 998 688 necessitate

72 714 227 772 opportuno,
241 715 269 757 ut
283 706 392 757 brachia
403 706 483 756 modo
495 715 576 772 atque
588 704 694 756 humeri
706 704 740 756 ad
753 705 910 757 sustinenda
923 721 999 757 arma

13 770 16 775 ’
72 774 151 825 liberi
169 775 203 826 ab
221 791 292 841 aqua
311 792 371 826 esse
389 784 505 843 possent,
525 775 653 842 disposito
671 775 799 843 equitatu,
812 776 858 843 qui
878 775 932 826 vim
950 775 999 827 flu·

72 843 154 895 minis
168 843 330 912 refringeret,
344 854 424 912 atque
441 843 563 895 hostibus
581 843 666 911 primo
684 843 813 912 adspectu
829 844 997 913 perturbatis,

72 913 237 965 incolumem
255 915 404 966 exercitum
420 913 584 965 transduxit:
604 911 823 981 frumentumque
840 913 954 980 inagris
971 922 998 965 et

72 983 177 1051 pecoris
195 983 300 1051 copiam
319 992 421 1052 nactus,
436 983 536 1052 repleto
555 983 588 1035 iis
606 983 687 1035 rebus
705 984 830 1052 exercitu,
845 983 893 1035 iter
909 984 935 1035 in
953 982 998 1036 Se·

72 1068 157 1104 nonas
169 1052 259 1104 lacere
273 1054 394 1104 instituit.
986 1069 989 1074 ·

109 1127 151 1173 57.
171 1123 241 1174 Dum
261 1121 329 1174 haec
347 1121 419 1190 apud
432 1121 576 1174 Caesarem
591 1129 725 1191 geruntur,
739 1120 874 1174 Labienus
889 1137 921 1173 eo
938 1138 999 1190 sup·

73 1190 218 1260 plemento,
232 1192 303 1260 quod
323 1209 407 1259 nuper
426 1208 459 1243 err
477 1191 553 1243 Italia
570 1199 685 1259 venerat,
700 1191 790 1243 relicto
804 1191 955 1260 Agendici,¹
969 1199 999 1244 ut

74 1269 147 1312 esset
167 1261 368 1330 impedimentis
387 1260 525 1328 praesidio,
539 1278 603 1312 cum
621 1270 733 1328 quatuor
752 1260 900 1327 legionibus
919 1261 999 1312 Lute-

73 1330 149 1382 tiam³
167 1332 349 1399 proficiscitur.
386 1330 416 1382 ld
441 1339 482 1382 est
500 1329 628 1407 oppidum
649 1331 816 1397 Parisiorum,
836 1330 951 1399 positum
971 1331 999 1383 in

73 1398 160 1451 insula
173 1400 292 1452 fluminis
304 1400 452 1469 Sequanae.
479 1401 562 1468 Cujus
573 1400 692 1451 adventu
704 1400 738 1452 ab
752 1400 872 1452 hostibus
884 1399 997 1470 cognito,

72 1485 187 1536 magnae
201 1487 235 1522 ex
248 1470 370 1521 finitimis
382 1468 536 1520 civitatibus
553 1469 647 1538 copiae
660 1478 850 1521 convenerunt.
887 1469 1000 1522 Summa

73 1537 178 1606 imperii
204 1540 314 1592 traditur
338 1538 519 1605 Camulogeno
544 1539 666 1607 Aulerco,
686 1540 732 1606 qui
755 1555 837 1608 prope
861 1538 999 1592 conlectus

72 1611 285 1677 aetate,ta1uen⁴
305 1618 409 1677 propter
429 1607 590 1674 singularem
609 1609 750 1660 scientiam
769 1609 807 1660 rei
825 1608 947 1660 militaris
963 1608 997 1662 ad

73 1694 138 1729 eum
157 1688 197 1729 est
216 1677 343 1730 bonorem
362 1687 497 1731 evocatus.
534 1677 560 1729 Is
578 1694 663 1745 quum
680 1676 923 1745 animadvertisset,
940 1695 999 1747 per·

74 1756 184 1825 petuam
203 1765 263 1799 esse
288 1747 423 1815 paludem,
443 1762 512 1814 quae
538 1747 661 1799 influeret
685 1747 713 1799 in
737 1746 899 1816 Sequanam*
917 1757 999 1818 atque

73 1815 148 1868 illum
166 1834 274 1869 omnem
293 1817 381 1868 locum
397 1832 561 1884 magnopere
577 1815 740 1885 impediret,⁰
751 1816 796 1868 hio
807 1817 928 1869 consedit
940 1835 998 1870 nos

73 1894 181 1954 trosque
194 1888 305 1938 transitu
318 1885 458 1956 prohibere
472 1885 592 1938 instituit.

107 1961 150 2007 58.
169 1957 305 2009 Labienus
329 1956 413 2024 primo
433 1955 525 2007 vineas
547 1972 635 2023 agere,
655 1954 774 2008 cratibus
796 1964 877 2024 atque
900 1972 999 2024 aggere

70 2025 202 2093 paludem
217 2027 324 2094 explere
340 2035 421 2092 atque
437 2024 486 2075 iter
502 2025 605 2077 munire
621 2026 774 2078 conabatur.
811 2026 956 2094 Postquam
972 2025 1000 2079 id

72 2093 211 2147 difficilius
227 2095 342 2147 confieri
352 2093 548 2161 animadvertit,
568 2094 672 2146 silentio
691 2112 706 2146 e
724 2095 819 2146 castris
839 2095 916 2147 tertia
934 2095 999 2163 vigi·

71 2163 109 2214 lia
122 2182 254 2231 egressus,
266 2164 363 2215 eodem
375 2180 427 2231 quo
441 2172 549 2215 venerat
563 2164 655 2215 itinere
669 2164 857 2216 Melodunum⁸
868 2165 998 2233 pervenit.

71 2231 102 2285 ld
124 2242 165 2286 est
189 2234 319 2302 oppidum
342 2233 484 2302 Senonum,
504 2233 533 2284 in
555 2233 642 2285 insula
665 2233 804 2303 Sequanae
828 2234 952 2304 positum,
970 2241 1001 2288 ut

100 2382 263 2489 ¹Abjaqctur,
276 2399 352 2432 arare
365 2382 440 2440 word,
453 2383 544 2445 haring
559 2384 601 2432 tho
618 2400 686 2433 same
704 2385 816 2445 meaning
833 2400 860 2434 as
876 2387 1000 2447 effundas

70 2457 99 2492 or
109 2459 193 2503 separa
205 2460 243 2493 aa.

99 2516 110 2544 ²
122 2514 169 2561 See
180 2515 212 2561 vi.
224 2517 267 2581 44,Ι
277 2523 334 2562 note
345 2516 367 2562 8.

101 2589 110 2616 ⁸
121 2587 168 2634 See
179 2587 211 2634 vi.
224 2590 246 2643 3,
260 2597 316 2635 note
329 2590 350 2635 1.

101 2659 211 2707 ‘Tamen
224 2659 299 2708 refers
311 2671 336 2707 to
348 2660 389 2707 the
407 2659 461 2708 idea
477 2659 504 2708 ol
518 2663 635 2723 quamvis,
649 2661 730 2710 which
741 2660 762 2710 is
773 2662 902 2711 contained
917 2663 942 2711 in
958 2663 1000 2714 tlte

71 2719 198 2780 participle
209 2721 337 2780 confectus.

101 2796 111 2821 ⁶
121 2792 271 2898 Respecring
287 2792 328 2840 the
345 2794 445 2854 influere
455 2792 484 2840 of
495 2808 510 2840 a
520 2793 602 2841 marsh
613 2809 640 2841 or
651 2809 745 2852 swamp
756 2796 807 2842 into
818 2794 859 2842 the
875 2795 939 2843 river
956 2795 1000 2844 Se·

71 2867 161 2911 quana,
176 2867 217 2898 see
229 2868 245 2899 1.
274 2862 351 2918 ,note
364 2855 400 2900 11.

91 2927 112 2994 '⁰
121 2925 236 3031 Impedire
246 2927 270 2972 in
281 2926 330 2973 this
342 2931 445 2987 passage
456 2926 565 2987 significa
580 2931 619 2974 ‘to
631 2925 717 2975 render
726 2926 816 2986 aplace
828 2929 963 2990 impeditus,
973 2944 1002 2979 or

71 2984 155 3033 drfficu
168 2994 175 3030 t
189 2995 212 3031 to
224 2985 298 3043 pass.'

102 3056 247 3117 'Confieri;
271 3058 322 3104 that
342 3058 372 3114 is,
391 3059 480 3164 corppci.
513 3057 542 3105 In
562 3057 731 3117 composition,
764 3075 829 3107 acere
846 3075 906 3120 very
921 3060 1002 3118 rarely

72 3115 392 3222 prakdesdtthepasgivefieri.
448 3133 545 3176 ompare
558 3117 630 3177 Livy,
643 3121 723 3175 v.50;
763 3117 836 3176 icero,
849 3118 1000 3171 affamiv.

90 3193 125 3230 ,a
200 3191 285 3222 .1x..

103 3247 290 3305 ‘Materianum
308 3264 323 3296 a
340 3260 407 3297 town
425 3264 457 3296 on
473 3248 515 3297 the
533 3250 598 3298 river
615 3249 698 3307 Scine,
715 3248 788 3298 south
805 3249 834 3298 ol
850 3250 927 3308 Paris,
944 3267 1001 3302 now

74 3305 152 3354 called
162 3306 258 3354 Melun.
888 3334 893 3342 ·
