2250 3736
533 182 625 221 urana
645 182 684 222 rr.
749 178 759 197 ⁸
1024 171 1065 229 97

155 281 258 358 equqes,
271 290 313 359 qni
325 309 424 360 agmen
436 291 651 359 antecessissent,
665 291 848 360 praemitteret
863 308 963 362 sosque
974 311 1064 364 pugna

159 351 300 430 Prohibere,
326 362 430 430 sibique
455 370 484 412 ut
508 368 668 430 potestatem
688 360 789 412 faceret
813 361 837 413 in
859 363 943 416 Ubios
962 364 1065 431 legatos

163 421 282 498 mittendi,
307 447 420 499 quorum
445 431 467 482 si
487 430 622 498 principes
641 447 674 482 ac
694 438 804 481 senatus
824 431 873 484 sibi
891 431 1063 502 jurejurando

167 477 232 545 fldem
253 497 375 570 fecisset,¹
394 517 427 551 ea
447 499 604 568 conditione,
626 516 696 568 quae
719 516 736 551 a
756 499 869 552 Caesare
894 501 1012 570 ferretur,
1034 519 1064 556 so

169 558 242 638 usurus
266 569 455 622 ostendebant:
486 569 520 620 ad
550 567 600 620 has
629 585 672 620 res
700 569 879 622 conficiendas
903 571 954 624 sibi
983 572 1064 625 tridui

173 629 260 704 ⁸pallum
281 637 365 691 daret.
411 639 486 690 Haeo
509 638 599 688 omnia
622 637 719 690 Caesar
742 639 838 691 eodem
863 640 908 691 illo
931 642 1064 709 pertinere

174 689 322 776 arbitrabatur,
345 716 374 760 ut
399 707 477 760 tridui
498 724 573 758 mora
591 707 746 775 interposita
766 709 871 776 equites
895 726 995 778 eorum,
1018 711 1064 779 qui

175 754 275 843 abessent,
300 787 509 829 reverterentur:
542 785 631 828 tamen
656 794 715 828 sese
742 793 794 829 non
824 778 926 846 longius
956 779 1064 832 milibus

174 835 267 940 Efftuum
285 857 398 914 quatuor
415 845 564 914 aquationis
582 862 663 897 causa
681 862 866 914 processurum
879 865 910 899 eo
923 848 966 900 die
981 849 1062 902 dixit:

188 909 309 973 ”tacuero
322 915 366 967 die
378 933 459 985 quarn
472 915 681 983 frequentissimi
693 917 872 984 convenirent,
883 925 911 968 ut
924 916 958 969 de
971 935 1064 972 eorum

72 1018 78 1052 ,
110 1029 116 1041 ,
170 970 280 1048 P⁰⁸ltlatis
292 993 471 1052 cognosceret.
508 984 892 1054 Interimadpraefectos,qui
911 988 1064 1039 cumomni

72 1088 75 1107 r
168 1040 262 1104 floran
274 1062 481 1121 antecesserant,
495 1053 575 1105 mittit
591 1053 637 1122 qui
656 1054 814 1122 nuntiarent,
829 1072 862 1106 ne
881 1054 972 1106 hostes
990 1073 1064 1124 proe-

163 1089 189 1148 l¹⁰
199 1106 357 1192 lacesserent,
372 1131 398 1174 et
411 1123 432 1174 si
447 1122 497 1190 ipsi
510 1122 709 1192 lacesserentur,
724 1123 891 1193 sustinerent,
905 1124 992 1192 quoad
1006 1125 1063 1195 ipse

157 1176 209 1229 ⁰⁰¹¹]
222 1192 335 1243 exercitu
348 1192 456 1260 propius
467 1193 635 1243 accessisset.

186 1248 222 1305 ¹2·
239 1261 273 1311 Ar
293 1260 391 1329 hostes,
412 1260 457 1313 ubi
478 1261 593 1329 primurn
615 1269 715 1312 nostros
735 1260 841 1329 equites
860 1274 1061 1333 conspexerunt,

135 1309 252 1410 (Pullum
277 1337 333 1381 erat
356 1346 382 1381 v.
406 1329 513 1382 milium
542 1347 676 1399 numerus,
702 1347 763 1382 cunr
794 1331 843 1398 ipsi
873 1348 924 1382 non
948 1332 1064 1401 amplius

125 1385 306 1476 ,elfflgentos
324 1400 429 1466 equites
447 1398 583 1470 haberent,
597 1399 666 1468 quod
686 1399 712 1468 ii,
726 1400 770 1467 qui
788 1399 969 1451 frumentandi
982 1418 1064 1453 causa

121 1449 225 1544 ,estut
242 1474 314 1518 trans
325 1468 441 1537 Mosam,
455 1468 572 1520 nondum
593 1468 732 1537 redierant,
746 1467 811 1520 nihil
831 1469 987 1521 timentibus
1004 1487 1062 1521 nos·

112 1515 192 1615 ΕΗΒ)
215 1534 285 1603 quod
310 1536 390 1604 legati
415 1538 507 1589 eofum
528 1538 605 1605 paulo
629 1547 690 1588 ante
714 1554 730 1587 a
750 1538 864 1588 Caesare
885 1537 1062 1591 discesserant

108 1581 219 1690 ,itque
238 1605 262 1655 is
280 1605 340 1656 dies
358 1606 473 1658 induciis
491 1616 546 1657 erat
565 1606 600 1658 ab
618 1604 661 1657 his
679 1605 786 1675 petitus,
794 1605 897 1675 impetu
909 1605 979 1657 facto
992 1610 1062 1659 cele-

104 1701 117 1746 t
148 1655 200 1738 ²95
220 1682 324 1725 nostros
363 1675 573 1728 erturbaverunt.
617 1675 726 1727 Rursus²
748 1675 932 1726 resistentibus
952 1691 1061 1728 consue·

99 1717 228 1818 bu‘llne
250 1759 299 1793 sua
318 1692 361 1795 acl)
374 1744 458 1813 pedes
479 1744 653 1812 desiluerunt,
673 1743 802 1795 subfossis
823 1743 900 1821 equis
919 1745 1061 1812 compluri-

94 1793 242 1892 itu⁸que
261 1812 358 1864 nostris
375 1813 489 1881 dejectis
507 1813 623 1881 reliquos
640 1812 666 1865 irr
686 1813 777 1879 fugam
796 1822 967 1892 conjecerunt
979 1823 1060 1882 atque

91 1865 168 1968 ina
187 1880 346 1940 perterritos
365 1891 483 1961 egerunt,
503 1890 532 1935 ut
551 1899 601 1934 rron
621 1881 693 1950 prius
711 1883 774 1950 fuga
793 1882 960 1951 desisterent,
978 1900 1060 1951 quarn

89 1985 118 2024 e
179 1956 362 2016 conspectum
383 1950 500 2018 agrninrs
518 1950 601 2004 nostri
622 1951 766 2003 venissent.
803 1952 833 2004 In
853 1969 885 2003 eo
905 1952 1005 2020 proelio
1026 1970 1061 2007 ex

89 2001 275 2092 ,Sutrinos
298 2019 394 2071 nostris
417 2020 610 2073 interficiuntur
629 2037 668 2073 rv.
689 2030 716 2072 et
739 2038 810 2089 axx,
832 2021 858 2072 in
884 2021 926 2072 his
946 2022 986 2073 vir
1010 2021 1060 2073 for·

87 2063 258 2167 3¹⁸⁸11nus
281 2087 362 2155 Piso,¹
385 2090 542 2157 Aquitanus,
566 2088 732 2158 amplissimo
756 2107 853 2156 genere
878 2101 962 2158 natus,
982 2090 1060 2160 cujus

122 2138 200 2200 ηδ
225 2155 255 2208 in
278 2156 388 2209 civitate
412 2175 460 2209 sua
484 2176 595 2226 regnum
614 2159 763 2210 obtinuerat
783 2159 888 2211 amicus
908 2159 943 2211 ab
964 2170 1059 2214 senatu

88 2213 224 2308 Rostro
247 2226 406 2295 appellatus.
435 2227 503 2294 ,flio
526 2245 588 2280 curn
612 2228 685 2279 fratrr
714 2227 857 2280 intercluso
880 2228 916 2281 ab
940 2229 1059 2282 hostibus

92 2278 268 2387 ,Qxitium
288 2295 376 2365 ferret,
396 2296 474 2349 illum
492 2313 526 2348 ex
543 2297 659 2365 periculo
680 2296 783 2366 eripuit,
803 2297 861 2365 ipse
879 2314 948 2365 equo
966 2298 1058 2350 vulne·

93 2402 127 2445 ν
149 2353 186 2402 ¹0
210 2363 340 2435 dejectus,
353 2366 441 2435 quoad
460 2365 550 2434 potuit,
571 2365 714 2418 fortissime
732 2366 844 2418 restitit:
864 2384 928 2418 cum
946 2367 1058 2422 circurn-

130 2423 233 2496 e{ltus
249 2435 341 2486 multis
353 2435 506 2487 vulneribus
523 2434 642 2502 acceptis
659 2434 809 2503 cecidisset,
823 2444 903 2505 atque
923 2436 949 2488 id
969 2436 1056 2506 frater,

101 2477 173 2538 qul
199 2499 255 2569 jam
277 2503 377 2572 proelio
398 2513 556 2572 excesserat,
578 2503 1057 2575 proculanimadvertisset,incitato

107 2547 207 2618 equo
219 2587 247 2622 se
259 2570 381 2626 hostibus
392 2572 488 2626 obtulit
496 2581 579 2647 ,atque
592 2573 748 2626 interfectus
760 2582 808 2626 est.

116 2648 1053 2701 μή*

125 2783 136 2816 ⁸
155 2731 161 2746 ⁸
176 2729 238 2788 'Phe
249 2742 356 2811 singular
360 2745 459 2804 jecisset
471 2743 491 2791 is
502 2744 560 2791 here
572 2743 641 2799 used,
655 2745 760 2790 because
773 2744 814 2791 the
822 2744 942 2805 primipes
955 2741 1002 2790 and
1012 2742 1055 2790 tho

194 2805 234 2866 ⁸²⁴!
245 2816 283 2848 are
295 2818 319 2849 rn
331 2802 399 2849 realit
429 2802 486 2862 only
497 2819 543 2850 one
555 2803 601 2851 and
617 2803 658 2850 the
675 2817 742 2849 same
759 2803 823 2862 body
834 2801 861 2848 of
873 2816 937 2857 men,
951 2801 998 2848 and
1013 2801 1055 2850 tlre

129 2847 153 2883 ⁰⁶
164 2853 252 2906 Whroh
264 2871 378 2908 connects
390 2818 430 2908 tle
442 2871 492 2908 two
504 2862 524 2908 is
535 2861 576 2909 the
587 2874 654 2910 same
666 2877 693 2908 as
704 2863 730 2908 r'd
741 2870 783 2908 ert.

137 2927 346 3064 tlhffss⁷'“⁸(h⁰¹⁶
358 2949 404 3061 has)
416 2948 456 3054 thfe
472 2950 585 3056 mpaning
596 2950 624 2998 of
635 2950 748 3004 acesim,
764 2948 802 2995 ‘in
813 2946 876 2994 their
887 2955 942 2994 turn
952 2947 969 2996 ε’
982 2963 1017 3004 as.
1030 2948 1056 2999 in

222 3021 263 3055 um
283 3024 395 3057 orrrmen
415 3023 430 3054 o
450 3023 490 3056 ere
519 3021 659 3058 resrstance.

161 3077 223 3139 'Aa
234 3095 289 3144 Piso
305 3097 351 3145 isa
364 3097 461 3144 Roman
476 3113 556 3153 name,
570 3097 608 3145 his
624 3093 787 3157 grandfather,
801 3092 857 3159 who
870 3093 918 3141 had
934 3095 996 3141 been
1011 3094 1054 3142 ho·

142 3147 228 3198 nouted
242 3155 326 3215 bytho
344 3156 442 3204 Roman
457 3156 552 3215 peopla,
570 3156 618 3205 bad
637 3152 754 3214 probably
765 3151 879 3199 received
897 3152 940 3201 the
958 3152 1053 3200 Roman

144 3193 260 3317 fffitchiqe.
602 3282 612 3315 1
