2250 3736
127 240 187 299 214
431 256 472 294 nrt
494 254 591 294 sunno
611 254 749 294 cancico.

126 366 261 436 conjuncti
285 365 354 418 inter
371 381 400 417 se
419 372 499 433 atque
519 364 665 433 implicati3
689 378 742 432 quo
762 361 808 430 qui
829 361 1002 432 intraverant,
1028 381 1058 416 so

125 437 176 506 ipsi
201 435 364 488 acutissimis
384 434 462 487 vallis
484 434 651 487 induebant.¹
685 433 741 485 Hos
760 433 853 500 cippos
872 433 1057 501 appellabant.

125 509 196 560 Arte
210 504 265 573 hos,
278 504 393 572 obliquis
405 503 542 556 ordinibus
556 504 582 555 in
594 505 775 572 quincuncem
788 500 1059 571 dispositis,scr0bes'

125 577 204 627 trium
229 574 254 625 in
279 574 448 625 altitudinem
473 573 574 641 pedum
598 572 774 639 fodiebantur,
794 570 935 638 paullatim
960 589 1058 639 angus·

125 645 190 696 tiore
203 643 236 694 ad
250 643 374 694 infimum
386 642 501 710 fastigio.
538 642 598 694 Huc
611 650 709 693 teretes
728 640 841 708 stipites,
856 640 968 693 feminis
986 659 1058 694 oras·

124 713 248 781 situdine,
262 712 297 764 ab
313 728 418 763 summo
434 712 571 781 praeacuti
590 719 617 763 et
634 710 760 780 praeusti,
779 709 993 762 demittebantur
1011 711 1057 780 ita,

125 792 153 835 ut
177 799 228 834 uon
252 781 370 850 amplius
393 780 483 848 digitis
506 789 618 849 quatuor
632 797 666 832 ex
680 789 750 831 terra
773 780 939 831 eminerent:
965 781 1057 849 simul,

124 851 297 904 confirmandi
311 859 337 902 et
351 849 500 902 stabiliendi
516 867 605 918 causa,
619 848 714 916 singuli
733 849 767 901 ab
785 848 877 901 infimo
896 849 952 900 solo
971 852 1057 918 pedes

124 930 193 972 terra
206 919 427 972 exculcabantur:
448 918 549 987 reliqua
567 936 628 987 pars
646 918 745 970 scrobis
757 917 791 970 ad
804 918 980 970 occultandas
993 919 1056 971 insi·

123 991 183 1043 dias
196 990 342 1041 viminibus
353 1005 385 1040 ac
397 987 518 1055 virgultis
531 986 707 1055 integebatur.
745 986 832 1056 Hujus
844 988 952 1054 generis
965 989 1056 1040 octoni

123 1060 229 1111 ordines
246 1059 327 1127 ducti,
342 1066 430 1109 ternos
448 1058 515 1108 inter
527 1074 556 1108 se
575 1057 660 1124 pedes
677 1056 821 1108 distabant.
858 1057 889 1109 Id
908 1073 943 1108 ex
962 1058 1056 1109 simili·
1116 1065 1120 1084 ¹

123 1129 216 1181 tudine
236 1127 308 1179 floris
328 1125 413 1178 lilium
431 1125 611 1195 appellabant.
648 1129 719 1178 Ante
740 1124 808 1177 haec
828 1124 936 1194 taleae,⁸
954 1127 1056 1194 pedem

123 1197 227 1265 longae,
246 1196 341 1247 ferreis
363 1195 452 1247 hamis
475 1195 569 1264 infixis,
589 1203 660 1247 totae
678 1195 705 1247 in
726 1203 822 1246 terram
846 1194 1054 1266 infodiebantur,

123 1265 357 1333 mediocribusque
370 1265 528 1316 intermissis
539 1265 639 1334 spatiis,
653 1264 778 1317 omnibus
795 1264 862 1316 locis
879 1264 1053 1319 dissereban-

123 1343 172 1402 tur,
186 1352 253 1403 quos
265 1333 387 1385 stimulos
398 1333 581 1386 nominabant.

158 1410 201 1457 74.
226 1403 275 1455 His
299 1403 379 1455 rebus
401 1403 535 1471 perfectis,
560 1403 681 1470 regiones
711 1409 819 1455 secutus
851 1419 935 1473 quam
1000 1405 1052 1457 tuit

123 1473 300 1542 aequissimas
317 1489 364 1540 pro
383 1471 432 1523 loci
451 1481 553 1538 natura,
566 1490 624 1525 xlv.
643 1470 720 1524 milia
738 1489 865 1540 passuum
885 1490 965 1542 comp
976 1491 1053 1544 exus,

122 1560 201 1612 pares
213 1541 337 1611 ejusdem
348 1541 463 1608 generis⁴
476 1541 644 1611 munitiones,
658 1541 779 1593 diversas
790 1541 825 1594 ab
837 1542 887 1607 his,
902 1552 994 1594 contra
1007 1561 1053 1596 ex·

123 1613 247 1664 terior-ern
259 1610 375 1663 hostem⁶
386 1610 505 1678 perfecit,
513 1619 543 1661 ut
555 1627 589 1662 ne
602 1615 700 1678 magna
712 1611 824 1679 quidem
835 1610 1020 1682 multitudine,
1030 1612 1054 1666 si

121 1681 159 1733 ita
176 1680 280 1733 accidat
299 1679 358 1748 ejus
375 1680 515 1745 discessu,⁸
526 1680 706 1732 munitionum
719 1680 853 1749 praesidia
871 1681 1053 1734 circumfundi

121 1757 244 1819 possent:
270 1766 323 1801 neu
342 1766 405 1801 cum
423 1749 542 1818 periculo
561 1766 594 1801 ex
613 1750 707 1801 castris
730 1749 821 1817 egredi
839 1760 976 1819 cogantur,
995 1751 1053 1804 die·

122 1836 181 1871 rum
198 1836 262 1872 xxx.
279 1817 409 1887 pabulum
426 1819 645 1887 frumentumque
660 1818 761 1872 habere
779 1835 875 1871 ornnes
890 1830 1053 1875 convectum

121 1887 206 1959 jubet.

158 1963 200 2010 75.
219 1957 291 2008 Dum
309 1955 377 2008 haec
400 1956 435 2008 ad
453 1955 574 2009 Alesiam
598 1963 733 2026 geruntur,
752 1955 830 2025 Galli,
850 1957 962 2010 concilio
980 1959 1052 2028 prin·

122 2027 214 2094 cipum
232 2025 340 2093 indicto,
354 2043 406 2077 non
424 2043 526 2096 omnes,
540 2024 586 2094 qui
604 2043 679 2077 arma
691 2025 759 2078 ferre
772 2035 888 2096 possent,
903 2036 931 2079 ut
944 2029 1051 2081 censuit

122 2095 329 2163 Vercingetorix,
348 2095 533 2147 convocandos
557 2102 684 2165 statuunt,
704 2095 753 2148 sed
776 2103 881 2148 certum
905 2114 1050 2152 numerum

122 2166 220 2234 cuique
238 2164 339 2216 civitati
357 2163 561 2233 imperandum,
585 2181 627 2234 ne,
647 2173 721 2216 tanta
739 2164 910 2217 multitudine
929 2166 1050 2236 confusa,

122 2251 173 2287 nec
185 2233 324 2300 moderari,
338 2249 389 2284 nec
406 2233 558 2285 discernere
577 2250 647 2300 suos,
660 2250 711 2286 nec
724 2233 905 2287 frumentandi
918 2237 1051 2290 rationem

122 2303 222 2356 habere
246 2310 363 2371 possent.
398 2303 534 2371 Imperant
553 2301 657 2354 Aeduis
676 2311 757 2371 atque
781 2320 874 2356 eorum
897 2304 1050 2375 clientibus,

122 2372 282 2441 Segusianis,
313 2371 502 2441 Ambivaretis,
532 2370 658 2424 Aulercis
685 2372 894 2426 Brannovicibus
922 2373 1051 2446 [Bianno-

150 2554 301 2602 1Ιφιάπιεῖκιηε
317 2571 350 2611 ae,
366 2554 440 2614 ‘they
451 2556 552 2602 became
571 2553 703 2613 entaugled
722 2553 748 2600 in
766 2553 807 2602 the
826 2554 900 2614 sharp
917 2556 1051 2616 pallisades

122 2617 213 2672 (colim
226 2616 306 2671 vallis,
320 2613 362 2660 the
373 2613 464 2670 dative,
477 2614 550 2674 being
562 2613 604 2660 the
615 2628 684 2660 same
695 2629 722 2661 aa
734 2615 798 2661 inter
805 2616 890 2662 vallos.

150 2701 264 2751 ’Scrchea
275 2717 315 2749 are
326 2701 396 2748 holes
407 2701 433 2748 in
443 2689 484 2748 tha
496 2698 574 2768 earth,
587 2699 616 2768 of
627 2699 669 2747 the
681 2699 742 2768 form
753 2699 782 2768 of
789 2716 803 2747 a
811 2699 963 2806 wine-gloss,
974 2703 1051 2751 broad

122 2760 265 2883 qtapltriegztpp,
272 2759 319 2808 and
329 2759 419 2821 ending
427 2759 507 2807 below
516 2775 541 2808 ru
551 2775 566 2806 a
573 2769 649 2818 point,
661 2758 743 2806 which
753 2775 774 2806 rs
784 2759 843 2808 herc
854 2759 891 2808 cal
902 2758 932 2808 sd
943 2761 1053 2822 infima·

151 2908 161 2936 ²
173 2905 259 2954 Taleae
269 2921 309 2953 are
320 2905 392 2954 small
403 2914 486 2953 staves
496 2920 524 2952 or
534 2904 622 2961 sticho,
635 2904 684 2953 and
693 2905 736 2953 the
746 2907 810 2954 humi
819 2905 873 2953 iron
882 2905 970 2956 books.

152 2994 247 3042 ‘Pares
259 2996 362 3054 ejusden
371 2993 466 3055 generis
478 2991 498 3039 is
510 2999 552 3038 not
564 3008 579 3039 a
589 2992 724 3050 plecnasm,
737 2992 804 3040 since
816 2992 899 3052 things
910 3008 969 3052 may
979 2994 1011 3042 be
1023 2994 1053 3044 of

123 3052 171 3159 2qu
177 3052 315 3171 ssiiiirgiiiid
327 3055 439 3114 (nutrient
447 3053 552 3112 generis)
563 3050 669 3108 inform,
681 3053 725 3099 hut
734 3061 775 3111 yet
784 3067 824 3098 are
833 3061 875 3099 not
880 3068 953 3114 poree
964 3053 990 3102 in
1001 3054 1053 3102 sizo

154 3183 259 3231 'Hostis
271 3185 371 3231 exterior
382 3183 402 3230 is
413 3182 455 3230 the
467 3181 564 3242 cavalry
574 3191 630 3230 sent
646 3191 689 3230 out
700 3185 733 3243 by
743 3182 937 3243 Vercingetorix,
951 3183 1000 3232 and
1012 3184 1054 3235 the

125 3241 204 3292 forces
215 3242 267 3288 that
279 3242 338 3301 they
350 3242 535 3302 might-collect.

156 3313 238 3378 “Ejus
248 3316 368 3373 discerem
386 3312 493 3375 namely,
506 3312 534 3361 of
546 3312 587 3361 tha
599 3312 698 3374 cavalry
708 3327 735 3361 or
745 3314 819 3362 hostia
830 3313 964 3364 exterioris.
