2250 3736
394 213 487 252 urana
507 211 546 253 rr.
886 194 943 252 lot>

101 340 139 376 ras
155 321 371 392 transportandas
387 321 506 389 legiones
524 318 703 386 existimabat,
716 319 786 390 quod
804 327 944 441 praeterea

96 411 127 446 ‚m
153 393 292 461 longarum
316 391 440 459 habebat,
460 390 601 459 quaestori,
621 389 716 456 legatis
740 407 802 458 prae
815 390 944 459 setisque¹

91 462 161 515 buit.
208 463 269 514 Huc
298 460 463 513 accedebant
487 476 568 512 xvrrr.
592 459 727 510 onerariae
757 476 848 527 naves,
874 476 944 528 quae

88 531 188 583 olooo'
204 531 240 583 ab
259 529 368 582 milibus
384 546 513 597 passuum
536 536 594 580 octo
613 535 693 580 vento
711 528 877 597 tenebantur,
910 547 944 582 uo

83 617 109 653 rs
123 601 152 653 in
168 601 288 652 eundern
304 608 409 668 portum
421 599 512 651 venire
529 606 652 665 possent:
671 597 720 650 has
737 614 752 648 e
773 597 874 651 uitibus
891 547 944 651 iis·

78 671 119 722 tit.
154 669 299 738 Reliquum
323 667 472 721 exereitum
490 665 588 724 Quinto
606 667 707 718 Titurio
731 666 764 718 Sa
786 667 829 719 ino
848 677 875 720 et
893 669 942 721 Lu·

82 738 266 792 Aurunculeio
291 739 383 790 Cottae
409 737 504 804 legatis
528 737 554 788 in
578 736 719 804 Menapios
741 745 822 805 atque
847 737 874 790 in
898 754 946 790 eos

70 823 101 861 os
124 809 299 876 Morinorum,
318 807 354 859 ab
371 806 469 876 quibus
491 804 526 857 ad
550 822 615 858 eum
637 804 720 872 legati
736 821 789 858 non
808 814 944 878 venerant,

65 877 174 930 rendum
198 877 290 944 dedit;
315 876 440 929 Publium
458 874 607 945 Sulpicium
623 873 724 927 Rufum
743 874 863 943 legatum
881 892 944 930 eum

72 946 217 1024 praesidio,
243 946 314 1016 quod
339 946 404 998 satis
427 961 487 997 esse
516 943 699 1013 arbitrabatur,
724 953 831 1014 portum
854 955 945 998 tenere

58 1026 105 1069 art.

51 1084 97 1139 23.
115 1085 167 1138 His
184 1083 335 1137 constitutis
353 1083 433 1136 rebus
450 1090 545 1135 nactus
568 1082 694 1135 idoneam
711 1082 744 1135 ad
763 1083 943 1150 navigandum

47 1164 211 1223 npestatem
224 1155 301 1206 tertia
314 1153 368 1205 lere
381 1151 473 1221 vigilia
485 1151 581 1221 solvit,⁸
589 1151 747 1220 equitesque
757 1153 783 1205 in
793 1152 943 1208 ulteriorem

43 1229 127 1278 rrum
145 1223 268 1292 progredi
285 1230 313 1275 ct
330 1239 414 1275 naves
431 1221 610 1274 conscendere
623 1230 650 1273 et
663 1238 692 1273 se
705 1223 781 1290 sequi
797 1221 883 1291 jussit.
920 1225 942 1276 A

38 1287 119 1346 ribus
144 1310 209 1345 cum
234 1291 314 1361 paulo
341 1291 441 1344 tardius
465 1298 537 1344 esset
562 1290 786 1360 administratum,
806 1291 862 1360 ipse
881 1290 942 1344 hora

36 1361 126 1416 rciter
144 1363 198 1414 diei
223 1370 317 1430 quarta
341 1378 404 1413 oum
423 1360 515 1428 primis
538 1359 651 1413 navibus
669 1359 832 1413 Britanniam
850 1361 942 1430 attigit

29 1436 102 1494 ique
121 1431 158 1485 ibi
176 1431 204 1483 in
223 1431 347 1484 omnibus
364 1429 478 1482 collibus
495 1429 638 1498 expositas⁴
655 1427 772 1482 hostium
796 1431 888 1499 copias
905 1449 942 1484 ar·

25 1505 109 1553 ¹atas
132 1501 281 1569 conspexit.
318 1498 401 1568 Cujus
424 1499 475 1551 loci
499 1497 567 1550 haec
596 1508 653 1550 erat
676 1507 779 1567 natura,
804 1509 885 1569 atque
909 1500 942 1553 ita

19 1570 158 1633 ‚lontibus
180 1571 300 1637 angustis
323 1584 397 1621 mare
421 1567 611 1633 continebatur,
631 1567 670 1620 uti
689 1584 722 1619 ex
741 1568 805 1620 locis
829 1570 943 1637 superio·

16 1626 96 1692 lbus
119 1640 145 1691 in
169 1638 233 1691 litus
256 1638 341 1690 telum
362 1637 435 1705 adigi
458 1645 556 1706 posset.
592 1637 671 1689 Hunc
693 1636 728 1689 ad
752 1637 942 1704 egrediendum

11 1712 191 1778 1&quaquam
216 1707 340 1759 idoneum
365 1706 454 1759 locum
472 1705 621 1774 arbitratus,
642 1705 707 1758 dum
726 1706 844 1776 reliquae
862 1724 942 1760 naver

7 1779 42 1816 ²⁰
81 1779 263 1846 convenirent,
287 1775 321 1828 ad
351 1774 444 1828 horam
472 1778 579 1827 nonam⁵
601 1775 628 1827 in
651 1777 755 1828 ancoris
784 1779 943 1844 expectavit.

2 1847 132 1900 nterim
155 1847 253 1915 legatis
275 1845 441 1914 tribunisque
463 1845 578 1897 militurn
598 1846 749 1898 convocatis
767 1857 794 1898 et
817 1862 887 1914 quae
911 1864 943 1900 ex

27 1909 155 1968 Oluseno
172 1923 319 1983 cognosset,
339 1920 367 1964 et
383 1930 452 1982 quae
470 1914 526 1965 fieri
546 1913 634 1982 vellet,
648 1914 762 1967 ostendit
779 1917 936 1984 monuitque

0 1991 2 2008 ¹
79 1985 118 2037 rei
148 1984 270 2038 militaris
299 1983 371 2051 ratio,
395 1982 514 2035 maxime
537 1991 567 2034 ut
590 1983 740 2036 maritimae
765 2000 807 2036 res
831 1985 942 2053 postula·

17 2058 90 2121 nt,
106 2063 134 2106 ut
153 2051 244 2126 [quae]
264 2052 382 2104 celerem
404 2060 484 2121 atque
508 2051 662 2104 instabilem
684 2061 787 2105 motum
808 2053 937 2107 haberent

23 2131 33 2154 ·
71 2132 168 2175 nutum
186 2130 213 2174 et
230 2121 264 2174 ad
283 2130 391 2189 tempus
414 2137 508 2172 omnes
525 2137 568 2172 res
585 2121 620 2174 ab
638 2121 672 2174 iis
689 2121 936 2176 administrarentur

34 2197 67 2235 ¹³
92 2191 205 2244 dimissis
223 2199 251 2242 et
269 2199 380 2242 ventum
398 2199 425 2242 et
442 2199 549 2242 aestum
571 2207 625 2243 uno
649 2198 768 2260 ternpore
792 2201 886 2244 nactus
904 2209 943 2244 se·

47 2259 141 2313 ndum
153 2261 215 2313 dato
233 2259 309 2328 signo
326 2268 354 2312 et
373 2259 484 2312 sublatis
495 2259 600 2312 ancoris
611 2259 716 2312 circiter
727 2260 803 2313 milia
815 2277 942 2330 passuum

40 2464 52 2491 ¹
69 2467 185 2544 Namelp,
199 2473 276 2543 of'his
288 2473 433 2542 auxiliarios,
443 2472 534 2529 whom,
547 2471 644 2520 besides
654 2471 693 2520 his
705 2483 754 2522 two
765 2473 867 2535 legions,
882 2474 942 2523 Cae·

8 2527 58 2568 ¹⁸¹·
73 2532 131 2580 took
141 2534 199 2581 wrth
211 2534 262 2581 hrm
273 2543 298 2580 to
308 2532 410 2580 Brrtern.

41 2594 57 2622 ¹
72 2598 185 2667 Namely,
198 2606 281 2654 where
292 2605 333 2652 the
344 2604 429 2665 eighty
440 2604 508 2673 ships
518 2619 583 2652 were
594 2604 740 2655 assembled.
767 2606 823 2655 The
835 2607 943 2658 distance

13 2643 186 2770 ξῗῑῃῐζξὲηιῑὴο
196 2675 247 2713 two
258 2664 392 2724 squadrons
403 2679 455 2711 was
465 2663 531 2724 erght
544 2663 664 2712 thousand
675 2680 754 2724 paces.
787 2666 907 2728 Compare
919 2668 944 2718 ii.

46 2781 60 2810 ⁸
74 2786 185 2857 Namely,
199 2813 281 2853 aava,
297 2795 341 2843 ‘he
353 2806 389 2843 set
401 2794 464 2843 sall!
497 2794 617 2854 Compare
628 2811 651 2843 v.
663 2799 700 2844 23.

49 2869 62 2896 ⁴
75 2872 128 2927 The
138 2883 202 2932 word
219 2884 334 2944 aperitet
351 2897 432 2930 seems
445 2881 503 2929 here
514 2890 539 2929 to
549 2883 580 2928 be
591 2882 651 2930 used
663 2882 699 2930 lor
708 2885 846 2945 dispositas,
859 2886 903 2932 but
919 2893 943 2934 at

28 2921 68 2972 ¹¹¹0
87 2943 221 2990 sometime
239 2951 263 2989 to
280 2942 376 2989 contain
392 2941 434 2988 the
449 2940 504 2989 idea
520 2941 572 2989 that
589 2941 630 2989 the
647 2951 729 3000 troops
742 2958 807 2990 were
824 2943 944 2992 stationed

29 2979 99 3054 there
114 3011 175 3048 more
186 3001 222 3049 for
232 3000 273 3048 the
290 3015 392 3058 purpose
408 2997 436 3046 of
447 3000 551 3068 striking
567 3009 643 3048 terror
659 3001 710 3048 into
727 3001 768 3049 the
786 3001 894 3049 Romans
911 3004 944 3062 by

30 3037 93 3093 their
102 3067 252 3116 appearance,
264 3059 324 3107 than
334 3059 393 3106 with
404 3059 445 3106 the
457 3059 576 3106 intentron
587 3058 615 3105 os
627 3059 733 3120 actually
743 3060 854 3121 fighting.

13 3172 19 3185 .
52 3129 141 3232 ἑἸῚιιῐ
156 3145 185 3201 is,
203 3146 240 3194 till
256 3148 329 3193 about
346 3145 414 3192 three
430 3145 527 3193 o’cloolr
544 3145 568 3193 in
584 3145 626 3192 the
645 3145 778 3194 asternoon.
810 3145 883 3194 From
901 3145 944 3192 the

71 3190 107 3240 0¹⁸
119 3199 192 3252 deseri
210 3205 268 3262 tion,
279 3204 298 3252 it
309 3205 329 3252 is
341 3204 438 3252 evadent
449 3205 502 3252 that
512 3204 603 3251 Caesar
612 3215 677 3252 must
688 3205 750 3252 have
762 3204 848 3253 lauded
859 3219 891 3251 on
902 3203 943 3252 the

33 3255 95 3298 wart
105 3257 136 3306 oi
146 3260 198 3326 ling
238 3263 262 3322 d,
275 3265 388 3313 between
398 3262 480 3312 Dover
490 3262 537 3312 and
548 3261 627 3312 Soutlr
638 3263 768 3314 Foreland.
