2250 3736
521 275 659 317 nraas'v.
1002 259 1059 317 llo

167 380 243 431 l⁰sfros
261 383 396 452 prohibere
420 391 447 434 et
472 384 599 451 proelium
625 385 792 436 committere
817 393 971 454 coeperunt.
1007 385 1046 436 Re

163 440 216 514 tutat
231 451 258 504 ab
275 459 392 522 equitatu
413 470 442 503 se
463 454 488 503 in
508 453 588 504 silvas
606 453 774 521 abdiderunt,
792 455 879 507 locum
896 457 966 505 nacti
983 471 1058 520 egre·

160 521 192 584 fle
210 529 233 571 et
249 533 336 574 tratura
357 532 383 574 et
405 539 485 589 opere
511 524 652 591 rriurritum,
673 541 753 591 quem
774 524 913 576 domestici
934 523 1005 591 belli,
1028 530 1057 575 ut

159 579 281 661 ridebatur,
294 609 376 644 causa
394 591 449 660 jain
464 602 526 643 ante
540 603 776 661 praeparaverant:
796 611 858 646 nam
872 593 971 645 crebris
983 593 1059 645 arbo·

155 645 335 729 ”bussacenis
353 678 448 712 omnes
466 661 587 712 introitus
605 672 680 713 erant
692 663 833 731 praeclusi.
871 663 924 731 Ipsi
937 681 969 714 ex
984 663 1057 714 silvis

151 727 191 792 tarr
214 731 422 800 propugirabaut,¹
442 741 596 798 nostrosque
616 732 683 783 intra
703 734 863 784 munitiones
880 733 980 800 ingredi
1001 749 1057 799 pro-

60 844 62 851 .
147 779 270 852 hlbebant.
306 803 342 853 At
366 801 467 852 milites
491 800 602 867 legionis
622 801 760 869 septimae,
783 802 918 854 testudine
938 802 1009 853 facta
1030 808 1057 852 et

60 872 63 877 '
144 865 234 928 fl§gere
255 870 288 922 ad
313 870 476 922 munitiones
498 869 611 938 adjecto,
634 870 723 923 locum
747 881 875 939 ceperunt
899 888 999 939 eosque
1023 887 1057 924 ex

140 921 214 988 tilvj,
230 939 393 1008 expulerunt,
413 941 507 1007 paucis
520 938 673 991 vulneribus
691 942 817 1009 acceptis.
855 941 904 992 Sed
925 957 970 992 eos
989 939 1056 1006 fugi·

136 1003 216 1065 tutes
233 1009 335 1077 longius
355 1009 454 1060 Caesar
473 1009 596 1078 prosequi
615 1010 708 1077 vetuit,
728 1019 754 1061 et
772 1010 842 1079 quod
863 1011 914 1062 loci
935 1020 1057 1062 naturam

133 1073 270 1130 lgssorabat
295 1087 322 1130 et
345 1078 425 1146 quod,
447 1095 546 1144 magna
570 1088 643 1146 parte
667 1079 723 1132 diei
747 1089 894 1148 consumta,
916 1078 1058 1132 munitioni

131 1142 280 1200 eaStratum
293 1158 401 1216 tempus
414 1146 524 1215 relinqui
538 1148 651 1200 volebat.

127 1264 131 1274 ,
163 1213 215 1266 10.
232 1217 359 1269 Postridie
378 1216 437 1286 ejus
456 1217 509 1268 diei
526 1234 607 1268 mane
626 1218 754 1285 tripartito
772 1218 882 1270 milites²
898 1218 1057 1285 equitesque

124 1282 152 1350 ¹¹¹,
171 1287 373 1353 expeditionem
395 1287 474 1354 misit,
494 1295 523 1338 ut
541 1303 595 1356 eos,
614 1287 660 1356 qui
679 1286 808 1356 fugerant,
827 1296 1056 1357 persequerentur.

122 1334 180 1414 ‚th
200 1355 358 1424 aliquantum
373 1357 474 1407 itineris
492 1357 643 1424 progressis,
657 1374 741 1424 quum
760 1356 815 1425 jam
834 1358 947 1409 extremi
967 1365 1057 1407 essent

120 1422 142 1459 ¹¹¹
175 1435 328 1494 prospectu,
349 1427 455 1493 equites
472 1443 489 1475 a
506 1425 537 1482 Q.
551 1426 625 1477 Atrio
643 1426 677 1477 ad
696 1427 839 1478 Caesarem
857 1434 995 1494 venerunt,
1011 1425 1056 1494 qui

118 1490 296 1563 nunciarent,
311 1495 445 1564 superiore
463 1503 549 1563 nocte,
562 1496 681 1547 maxima
693 1505 781 1546 coorta
795 1505 962 1564 tempestate,
976 1511 1057 1563 prope

118 1559 230 1613 ⁰111nes
246 1582 329 1616 naves
346 1564 469 1616 adflictas
487 1575 567 1631 atque
586 1565 613 1616 in
625 1565 699 1616 litore
713 1564 823 1633 ejectas³
835 1581 910 1633 esse,
928 1564 998 1632 quod
1012 1581 1057 1615 ne·

116 1629 190 1680 que
206 1647 311 1686 ancorae
325 1634 457 1702 funesque
470 1634 663 1702 subsisterent,⁴
676 1651 765 1702 neque
784 1645 881 1686 nautae
899 1633 1057 1701 gubernato-

116 1696 232 1765 resque
244 1704 298 1755 vim
318 1704 374 1772 pati
394 1703 563 1770 tempestatis
582 1714 705 1770 possent:
724 1705 813 1771 itaque
832 1721 867 1756 ex
882 1720 913 1754 eo
926 1719 1057 1755 concursu

115 1765 243 1822 navium
255 1790 382 1840 magnum
395 1789 456 1823 esse
469 1773 669 1824 incommodum
682 1784 834 1841 acceptum.

162 1837 185 1882 1
199 1842 215 1887 l·
233 1841 277 1893 llis
293 1841 376 1893 'rebus
395 1841 513 1909 cognitis,
536 1842 633 1893 Caesar
654 1842 773 1908 legiones
795 1843 997 1910 equitatumque
1019 1859 1057 1893 re·

114 1902 224 1958 voca„
239 1919 319 1978 atque
339 1911 432 1962 itinere
450 1912 579 1962 desistere
591 1910 675 1980 jubet,
690 1913 745 1980 ipse
758 1911 793 1963 ad
807 1930 889 1964 naves
902 1912 1055 1964 revertitur:

114 1969 231 2050 eapiem
243 1979 306 2048 fere,
320 1997 391 2048 quae
405 1997 438 2032 ex
451 1981 555 2032 nunciis
568 1981 704 2049 literisque
717 1990 883 2049 cognoverat,
897 1998 985 2033 coram
998 1997 1056 2048 per·

113 2039 276 2114 sl³1ert,sic
299 2060 336 2117 ut,
356 2050 463 2101 amissis
486 2051 589 2106 circiter
613 2068 656 2102 xa.
676 2050 796 2118 navibus,
817 2051 935 2120 reliquae
956 2051 1057 2102 temen⁸

111 2103 210 2209 Jeficl
225 2135 301 2186 posse
320 2136 418 2186 magno
437 2121 542 2187 negotio
555 2119 716 2172 viderentur.
754 2121 847 2188 ltaque
860 2139 895 2172 ex
907 2118 1057 2186 legionibus

120 2166 222 2235 abso,
238 2187 338 2256 delegit
358 2199 384 2240 et
404 2206 435 2240 err
455 2190 600 2240 continenti
617 2187 685 2240 alios
696 2191 818 2241 arcessiri
829 2189 920 2258 jubet,
939 2188 1057 2240 Labieno

110 2242 223 2306 scrib„
244 2266 272 2309 ut
293 2274 375 2326 quam
399 2258 528 2326 plurimas
549 2260 647 2327 posset⁶
667 2258 698 2309 iis
719 2258 874 2327 legionibus
898 2275 965 2327 quae
987 2257 1057 2309 sunt*

203 2396 339 2447 repugnare
358 2401 414 2445 may
431 2386 508 2433 either
529 2402 601 2434 mean
619 2391 659 2434 ‘to
678 2403 747 2435 come
766 2386 869 2434 forward
888 2397 913 2434 to
930 2385 1010 2446 fight:
1029 2401 1056 2434 or

195 2434 221 2498 ly
234 2450 239 2470 ‘
250 2456 274 2491 to
286 2445 359 2491 make
371 2461 402 2491 an
413 2445 513 2492 attach!

138 2489 155 2518 ²
170 2501 273 2565 Milites
285 2517 353 2573 here,
367 2519 429 2565 asin
440 2534 513 2579 many
524 2519 594 2566 other
605 2535 729 2579 passages,
743 2519 763 2566 is
775 2519 815 2567 the
827 2535 894 2566 same
906 2535 933 2566 as
941 2519 1040 2580 pedites.

102 2562 206 2682 ,δῖἃῙῑζῑ
220 2594 290 2639 litore
305 2592 388 2651 ejectos
405 2591 492 2639 should
508 2592 620 2660 properly
632 2594 661 2640 be
679 2595 704 2640 in
722 2595 780 2640 litus
798 2594 891 2654 ejectas,
904 2594 957 2647 but,
970 2590 1056 2651 hythe

101 2656 245 2755 ,heirlkvjq
260 2650 319 2697 both
338 2650 379 2697 the
397 2661 435 2697 act
452 2651 480 2698 of
494 2651 557 2698 their
574 2653 646 2712 being
664 2652 760 2699 thrown
777 2668 841 2710 upon
859 2652 899 2719 the
918 2661 993 2706 coast,
1007 2649 1056 2698 and

222 2725 278 2769 erng
290 2709 410 2757 scattered
422 2726 448 2757 or
461 2709 573 2757 wrecked
585 2711 661 2768 there,
672 2727 712 2758 are
724 2710 855 2769 expressed
866 2726 890 2756 rn
901 2726 947 2757 one
959 2710 1055 2767 phrase.

100 2754 321 2871 inihffm'm'
336 2782 395 2850 tuith
408 2782 447 2851 the
464 2783 611 2838 accusative,
625 2784 645 2831 is
663 2789 703 2831 ‘to
718 2783 776 2830 hold
793 2794 834 2830 out
853 2782 964 2842 against)
999 2782 1055 2850 The

99 2858 160 2922 ΜΠ
185 2841 255 2902 {fect
267 2842 325 2889 here
338 2857 358 2888 rs
370 2841 430 2889 used
442 2841 575 2910 insteaduof
589 2842 629 2890 the
647 2841 789 2900 pluperfect,
803 2842 839 2889 for
851 2842 891 2888 the
910 2856 1013 2899 purpose
1025 2842 1050 2889 ol

162 2899 242 2960 ἕως
259 2901 302 2948 the
319 2916 392 2948 scene
410 2916 476 2948 more
494 2902 586 2961 vrvrdly
603 2901 684 2948 before
702 2902 743 2948 the
761 2900 853 2948 reader.
886 2901 933 2947 See
953 2901 1052 2959 Zumpt,

98 2914 160 3026 ιγ·
187 2959 280 3008 Gram.
293 2960 306 3011 b
317 2963 370 3008 525.

96 3052 177 3119 ,ὦκ’
189 3047 268 3081 omen
284 3033 342 3081 here
360 3032 434 3081 refers
445 3043 470 3080 to
482 3034 598 3094 quamvis,
612 3032 692 3082 which
705 3034 725 3081 is
737 3033 836 3093 implied
854 3033 879 3081 in
896 3035 992 3082 amissis
1009 3051 1053 3082 aa·

95 3130 132 3230 b:
192 3158 233 3212 he
249 3164 375 3224 imperfect
386 3165 540 3225 subjunctive
553 3177 633 3228 posset
645 3167 665 3215 is
677 3167 734 3214 here
749 3166 810 3214 used
821 3166 916 3215 instead
927 3166 956 3215 of
964 3169 1051 3228 possit,

122 3204 234 3271 cause
246 3225 287 3272 the
299 3225 395 3284 leading
407 3227 464 3272 verb
476 3227 556 3273 scribit
567 3226 588 3273 is
599 3242 630 3273 an
641 3225 765 3274 historical
776 3237 873 3284 present
885 3226 921 3273 for
932 3229 1035 3288 scripsit.

88 3258 184 3370 01:3³
192 3291 234 3344 lie
245 3297 374 3345 indicative
385 3307 443 3346 sunt
455 3298 476 3345 is
487 3298 544 3346 here
556 3308 581 3346 to
590 3300 620 3346 be
632 3297 760 3357 explained
771 3300 804 3366 by
813 3299 940 3359 assuming
949 3299 1001 3347 that
1010 3299 1051 3347 the

136 3346 214 3404 ξε
224 3372 283 3418 quae
298 3365 356 3406 sant
373 3359 438 3420 apud
454 3357 537 3408 cumis
551 3357 610 3421 only
621 3374 654 3410 au
669 3357 830 3422 explanation
843 3358 958 3408 'inserted
965 3359 1002 3419 bu
1013 3359 1059 3407 the
