<?xml version="1.0" encoding="UTF-8"?>
<!DOCTYPE html PUBLIC "-//W3C//DTD XHTML 1.0 Transitional//EN"
    "http://www.w3.org/TR/xhtml1/DTD/xhtml1-transitional.dtd">
<html xmlns="http://www.w3.org/1999/xhtml" xml:lang="en" lang="en">
 <head>
  <title>
</title>
<meta http-equiv="Content-Type" content="text/html;charset=utf-8" />
  <meta name='ocr-system' content='tesseract 3.04.00' />
  <meta name='ocr-capabilities' content='ocr_page ocr_carea ocr_par ocr_line ocrx_word'/>
</head>
<body>
  <div class='ocr_page' id='page_1' title='image "./commentariidebe00caesgoog_0108.png"; bbox 0 0 2250 3736; ppageno 0'>
   <div class='ocr_carea' id='block_1_1' title="bbox 468 105 1004 166">
    <p class='ocr_par' dir='ltr' id='par_1_1' title="bbox 468 105 1004 166">
     <span class='ocr_line' id='line_1_1' title="bbox 468 105 1004 166; baseline 0 -2"><span class='ocrx_word' id='word_1_1' title='bbox 468 125 559 165; x_wconf 77' lang='lat' dir='ltr'>arnan</span> <span class='ocrx_word' id='word_1_2' title='bbox 579 125 619 166; x_wconf 77' lang='grc' dir='ltr'>ιν.</span> <span class='ocrx_word' id='word_1_3' title='bbox 963 105 1004 164; x_wconf 79' lang='grc'>99</span> 
     </span>
    </p>
   </div>
   <div class='ocr_carea' id='block_1_2' title="bbox 59 217 1010 2595">
    <p class='ocr_par' dir='ltr' id='par_1_2' title="bbox 122 217 1004 304">
     <span class='ocr_line' id='line_1_2' title="bbox 122 217 1004 304; baseline 0.003 -23"><span class='ocrx_word' id='word_1_4' title='bbox 122 217 167 292; x_wconf 73' lang='lat' dir='ltr'>luga</span> <span class='ocrx_word' id='word_1_5' title='bbox 177 227 275 286; x_wconf 88' lang='lat' dir='ltr'>salutem</span> <span class='ocrx_word' id='word_1_6' title='bbox 294 241 387 304; x_wconf 88' lang='lat' dir='ltr'>petere</span> <span class='ocrx_word' id='word_1_7' title='bbox 406 240 561 303; x_wconf 81' lang='lat' dir='ltr'><strong>praestaret.</strong></span> <span class='ocrx_word' id='word_1_8' title='bbox 597 233 717 291; x_wconf 80' lang='lat' dir='ltr'>Quorum</span> <span class='ocrx_word' id='word_1_9' title='bbox 729 232 807 285; x_wconf 91' lang='lat' dir='ltr'>timor</span> <span class='ocrx_word' id='word_1_10' title='bbox 819 247 883 284; x_wconf 89' lang='lat' dir='ltr'>cum</span> <span class='ocrx_word' id='word_1_11' title='bbox 896 230 1004 284; x_wconf 78' lang='lat' dir='ltr'><strong>fremitu</strong></span> 
     </span>
    </p>

    <p class='ocr_par' dir='ltr' id='par_1_3' title="bbox 122 299 1005 372">
     <span class='ocr_line' id='line_1_3' title="bbox 122 299 1005 372; baseline 0.003 -22"><span class='ocrx_word' id='word_1_12' title='bbox 122 299 140 367; x_wconf 64' lang='lat' dir='ltr'>tl</span> <span class='ocrx_word' id='word_1_13' title='bbox 148 310 252 372; x_wconf 70' lang='lat' dir='ltr'>concursu</span> <span class='ocrx_word' id='word_1_14' title='bbox 265 301 465 372; x_wconf 82' lang='lat' dir='ltr'>significaretur,</span> <span class='ocrx_word' id='word_1_15' title='bbox 481 302 581 355; x_wconf 80' lang='lat' dir='ltr'>milites</span> <span class='ocrx_word' id='word_1_16' title='bbox 598 303 679 354; x_wconf 82' lang='lat' dir='ltr'>nostri</span> <span class='ocrx_word' id='word_1_17' title='bbox 698 302 801 370; x_wconf 90' lang='lat' dir='ltr'>pristini</span> <span class='ocrx_word' id='word_1_18' title='bbox 821 301 874 353; x_wconf 91' lang='lat' dir='ltr'>diei</span> <span class='ocrx_word' id='word_1_19' title='bbox 893 301 1005 370; x_wconf 86' lang='lat' dir='ltr'>perfidia</span> 
     </span>
    </p>

    <p class='ocr_par' dir='ltr' id='par_1_4' title="bbox 120 369 1005 441">
     <span class='ocr_line' id='line_1_4' title="bbox 120 369 1005 441; baseline 0.011 -29"><span class='ocrx_word' id='word_1_20' title='bbox 120 369 192 420; x_wconf 81' lang='lat' dir='ltr'>norati</span> <span class='ocrx_word' id='word_1_21' title='bbox 209 371 231 423; x_wconf 93' lang='lat' dir='ltr'>in</span> <span class='ocrx_word' id='word_1_22' title='bbox 253 383 341 424; x_wconf 87' lang='lat' dir='ltr'>castra</span> <span class='ocrx_word' id='word_1_23' title='bbox 359 373 517 441; x_wconf 88' lang='lat' dir='ltr'>irruperunt.</span> <span class='ocrx_word' id='word_1_24' title='bbox 554 372 612 429; x_wconf 84' lang='lat' dir='ltr'>Quo</span> <span class='ocrx_word' id='word_1_25' title='bbox 637 371 693 423; x_wconf 91' lang='lat' dir='ltr'>loco</span> <span class='ocrx_word' id='word_1_26' title='bbox 712 373 758 440; x_wconf 92' lang='lat' dir='ltr'>qui</span> <span class='ocrx_word' id='word_1_27' title='bbox 783 371 906 423; x_wconf 89' lang='lat' dir='ltr'>celeriter</span> <span class='ocrx_word' id='word_1_28' title='bbox 929 387 1005 422; x_wconf 88' lang='lat' dir='ltr'>arma</span> 
     </span>
    </p>

    <p class='ocr_par' dir='ltr' id='par_1_5' title="bbox 119 441 1005 512">
     <span class='ocr_line' id='line_1_5' title="bbox 119 441 1005 512; baseline 0.001 -23"><span class='ocrx_word' id='word_1_29' title='bbox 119 443 188 500; x_wconf 73' lang='lat' dir='ltr'>ctuere</span> <span class='ocrx_word' id='word_1_30' title='bbox 198 449 341 512; x_wconf 87' lang='lat' dir='ltr'>potuerunt,</span> <span class='ocrx_word' id='word_1_31' title='bbox 355 441 491 512; x_wconf 85' lang='lat' dir='ltr'>paulisper</span> <span class='ocrx_word' id='word_1_32' title='bbox 504 444 598 494; x_wconf 90' lang='lat' dir='ltr'>nostris</span> <span class='ocrx_word' id='word_1_33' title='bbox 611 441 762 493; x_wconf 87' lang='lat' dir='ltr'>restiterunt</span> <span class='ocrx_word' id='word_1_34' title='bbox 774 450 855 509; x_wconf 92' lang='lat' dir='ltr'>atque</span> <span class='ocrx_word' id='word_1_35' title='bbox 869 441 936 491; x_wconf 90' lang='lat' dir='ltr'>iuter</span> <span class='ocrx_word' id='word_1_36' title='bbox 948 457 1005 491; x_wconf 89' lang='lat' dir='ltr'>car·</span> 
     </span>
    </p>

    <p class='ocr_par' dir='ltr' id='par_1_6' title="bbox 59 505 1005 580">
     <span class='ocr_line' id='line_1_6' title="bbox 59 505 1005 580; baseline 0.012 -30"><span class='ocrx_word' id='word_1_37' title='bbox 59 518 61 557; x_wconf 79' lang='grc' dir='ltr'>ς</span> <span class='ocrx_word' id='word_1_38' title='bbox 119 512 149 552; x_wconf 87' lang='lat' dir='ltr'>tos</span> <span class='ocrx_word' id='word_1_39' title='bbox 158 505 386 580; x_wconf 74' lang='lat' dir='ltr'>impedimentaque</span> <span class='ocrx_word' id='word_1_40' title='bbox 399 511 528 580; x_wconf 89' lang='lat' dir='ltr'>proelium</span> <span class='ocrx_word' id='word_1_41' title='bbox 542 513 734 563; x_wconf 87' lang='lat' dir='ltr'>commiserunt</span> <span class='ocrx_word' id='word_1_42' title='bbox 742 527 749 578; x_wconf 79' lang='lat'>5</span> <span class='ocrx_word' id='word_1_43' title='bbox 762 519 789 562; x_wconf 93' lang='lat' dir='ltr'>at</span> <span class='ocrx_word' id='word_1_44' title='bbox 803 510 903 578; x_wconf 90' lang='lat' dir='ltr'>reliqua</span> <span class='ocrx_word' id='word_1_45' title='bbox 917 509 1005 561; x_wconf 92' lang='lat' dir='ltr'>multi·</span> 
     </span>
    </p>

    <p class='ocr_par' dir='ltr' id='par_1_7' title="bbox 83 571 1006 788">
     <span class='ocr_line' id='line_1_7' title="bbox 83 571 1005 650; baseline 0.011 -30"><span class='ocrx_word' id='word_1_46' title='bbox 83 598 88 615; x_wconf 85' lang='lat'><strong>·</strong></span> <span class='ocrx_word' id='word_1_47' title='bbox 118 571 164 624; x_wconf 89' lang='lat' dir='ltr'>tudo</span> <span class='ocrx_word' id='word_1_48' title='bbox 172 594 302 645; x_wconf 88' lang='lat' dir='ltr'>puerorum</span> <span class='ocrx_word' id='word_1_49' title='bbox 315 582 514 650; x_wconf 85' lang='lat' dir='ltr'>mulierumque</span> <span class='ocrx_word' id='word_1_50' title='bbox 534 583 608 650; x_wconf 83' lang='lat' dir='ltr'>(uam</span> <span class='ocrx_word' id='word_1_51' title='bbox 627 598 688 632; x_wconf 91' lang='lat' dir='ltr'>cum</span> <span class='ocrx_word' id='word_1_52' title='bbox 709 580 834 632; x_wconf 90' lang='lat' dir='ltr'>omnibus</span> <span class='ocrx_word' id='word_1_53' title='bbox 852 580 907 631; x_wconf 76' lang='lat' dir='ltr'>suis</span> <span class='ocrx_word' id='word_1_54' title='bbox 926 579 1005 630; x_wconf 90' lang='lat' dir='ltr'>domo</span> 
     </span>
     <span class='ocr_line' id='line_1_8' title="bbox 118 647 1006 719; baseline 0.01 -28"><span class='ocrx_word' id='word_1_55' title='bbox 118 652 255 703; x_wconf 75' lang='lat' dir='ltr'>excesserant</span> <span class='ocrx_word' id='word_1_56' title='bbox 265 653 444 719; x_wconf 87' lang='lat' dir='ltr'>Rhenumque</span> <span class='ocrx_word' id='word_1_57' title='bbox 455 649 624 719; x_wconf 76' lang='lat' dir='ltr'>transieram)</span> <span class='ocrx_word' id='word_1_58' title='bbox 635 651 734 719; x_wconf 90' lang='lat' dir='ltr'>passim</span> <span class='ocrx_word' id='word_1_59' title='bbox 749 649 841 717; x_wconf 88' lang='lat' dir='ltr'>lugere</span> <span class='ocrx_word' id='word_1_60' title='bbox 853 649 958 717; x_wconf 72' lang='lat' dir='ltr'>coepit,</span> <span class='ocrx_word' id='word_1_61' title='bbox 970 647 1006 700; x_wconf 93' lang='lat' dir='ltr'>ad</span> 
     </span>
     <span class='ocr_line' id='line_1_9' title="bbox 116 719 725 788; baseline 0.015 -28"><span class='ocrx_word' id='word_1_62' title='bbox 116 720 357 774; x_wconf 85' lang='lat' dir='ltr'>quorcousectandos</span> <span class='ocrx_word' id='word_1_63' title='bbox 370 721 467 772; x_wconf 91' lang='lat' dir='ltr'>Caesar</span> <span class='ocrx_word' id='word_1_64' title='bbox 479 721 631 788; x_wconf 80' lang='lat' dir='ltr'>equitatum</span> <span class='ocrx_word' id='word_1_65' title='bbox 644 719 725 771; x_wconf 82' lang='lat' dir='ltr'>misit.</span> 
     </span>
    </p>

    <p class='ocr_par' dir='ltr' id='par_1_8' title="bbox 98 786 1008 1605">
     <span class='ocr_line' id='line_1_10' title="bbox 143 786 1006 859; baseline 0 -20"><span class='ocrx_word' id='word_1_66' title='bbox 143 786 172 858; x_wconf 76' lang='lat'>‚¹5·</span> <span class='ocrx_word' id='word_1_67' title='bbox 188 788 309 842; x_wconf 85' lang='lat' dir='ltr'>Germani</span> <span class='ocrx_word' id='word_1_68' title='bbox 322 799 381 859; x_wconf 90' lang='lat' dir='ltr'>post</span> <span class='ocrx_word' id='word_1_69' title='bbox 394 796 498 857; x_wconf 83' lang='lat' dir='ltr'>tergum</span> <span class='ocrx_word' id='word_1_70' title='bbox 512 789 628 841; x_wconf 88' lang='lat' dir='ltr'>clamore</span> <span class='ocrx_word' id='word_1_71' title='bbox 647 788 755 852; x_wconf 83' lang='lat' dir='ltr'>audito,¹</span> <span class='ocrx_word' id='word_1_72' title='bbox 767 804 830 840; x_wconf 91' lang='lat' dir='ltr'>cum</span> <span class='ocrx_word' id='word_1_73' title='bbox 849 804 911 838; x_wconf 89' lang='lat' dir='ltr'>suos</span> <span class='ocrx_word' id='word_1_74' title='bbox 926 787 1006 839; x_wconf 88' lang='lat' dir='ltr'>inter-</span> 
     </span>
     <span class='ocr_line' id='line_1_11' title="bbox 114 841 1006 928; baseline 0.015 -33"><span class='ocrx_word' id='word_1_75' title='bbox 114 841 147 900; x_wconf 86' lang='lat' dir='ltr'>fici</span> <span class='ocrx_word' id='word_1_76' title='bbox 158 855 272 927; x_wconf 83' lang='lat' dir='ltr'>riderent,</span> <span class='ocrx_word' id='word_1_77' title='bbox 292 859 375 911; x_wconf 90' lang='lat' dir='ltr'>armis</span> <span class='ocrx_word' id='word_1_78' title='bbox 392 859 507 928; x_wconf 89' lang='lat' dir='ltr'>abjectis</span> <span class='ocrx_word' id='word_1_79' title='bbox 525 859 660 926; x_wconf 87' lang='lat' dir='ltr'>signisque</span> <span class='ocrx_word' id='word_1_80' title='bbox 678 858 840 910; x_wconf 87' lang='lat' dir='ltr'>militaribus</span> <span class='ocrx_word' id='word_1_81' title='bbox 859 857 958 908; x_wconf 88' lang='lat' dir='ltr'>relictis</span> <span class='ocrx_word' id='word_1_82' title='bbox 976 873 1006 909; x_wconf 85' lang='lat' dir='ltr'>se</span> 
     </span>
     <span class='ocr_line' id='line_1_12' title="bbox 114 926 1006 997; baseline 0.004 -23"><span class='ocrx_word' id='word_1_83' title='bbox 114 927 225 979; x_wconf 71' lang='lat' dir='ltr'>exustus</span> <span class='ocrx_word' id='word_1_84' title='bbox 236 926 382 997; x_wconf 83' lang='lat' dir='ltr'>ejecerunt,</span> <span class='ocrx_word' id='word_1_85' title='bbox 396 938 423 980; x_wconf 90' lang='lat' dir='ltr'>et</span> <span class='ocrx_word' id='word_1_86' title='bbox 435 946 499 981; x_wconf 91' lang='lat' dir='ltr'>cum</span> <span class='ocrx_word' id='word_1_87' title='bbox 510 928 545 980; x_wconf 93' lang='lat' dir='ltr'>ad</span> <span class='ocrx_word' id='word_1_88' title='bbox 557 928 748 980; x_wconf 84' lang='lat' dir='ltr'>confluentem’</span> <span class='ocrx_word' id='word_1_89' title='bbox 758 927 854 979; x_wconf 88' lang='lat' dir='ltr'>Mosae</span> <span class='ocrx_word' id='word_1_90' title='bbox 873 935 900 978; x_wconf 91' lang='lat' dir='ltr'>et</span> <span class='ocrx_word' id='word_1_91' title='bbox 919 927 1006 979; x_wconf 88' lang='lat' dir='ltr'>Rheni</span> 
     </span>
     <span class='ocr_line' id='line_1_13' title="bbox 112 995 1006 1067; baseline -0.001 -19"><span class='ocrx_word' id='word_1_92' title='bbox 112 995 277 1067; x_wconf 61' lang='lat' dir='ltr'>decreuissent,</span> <span class='ocrx_word' id='word_1_93' title='bbox 289 998 392 1066; x_wconf 91' lang='lat' dir='ltr'>reliqua</span> <span class='ocrx_word' id='word_1_94' title='bbox 404 997 468 1066; x_wconf 81' lang='lat' dir='ltr'>luga</span> <span class='ocrx_word' id='word_1_95' title='bbox 481 999 622 1066; x_wconf 85' lang='lat' dir='ltr'>desperata</span> <span class='ocrx_word' id='word_1_96' title='bbox 635 1014 732 1065; x_wconf 82' lang='lat' dir='ltr'>magno</span> <span class='ocrx_word' id='word_1_97' title='bbox 745 1012 855 1049; x_wconf 92' lang='lat' dir='ltr'>numero</span> <span class='ocrx_word' id='word_1_98' title='bbox 868 995 1006 1047; x_wconf 88' lang='lat' dir='ltr'>interfecto</span> 
     </span>
     <span class='ocr_line' id='line_1_14' title="bbox 112 1055 1007 1136; baseline 0 -21"><span class='ocrx_word' id='word_1_99' title='bbox 112 1055 184 1128; x_wconf 78' lang='lat' dir='ltr'>tequui</span> <span class='ocrx_word' id='word_1_100' title='bbox 199 1085 226 1118; x_wconf 89' lang='lat' dir='ltr'>se</span> <span class='ocrx_word' id='word_1_101' title='bbox 246 1068 271 1119; x_wconf 92' lang='lat' dir='ltr'>in</span> <span class='ocrx_word' id='word_1_102' title='bbox 292 1067 394 1119; x_wconf 86' lang='lat' dir='ltr'>flumen</span> <span class='ocrx_word' id='word_1_103' title='bbox 413 1067 655 1136; x_wconf 89' lang='lat' dir='ltr'>praecipitaverunt</span> <span class='ocrx_word' id='word_1_104' title='bbox 672 1076 754 1135; x_wconf 88' lang='lat' dir='ltr'>atque</span> <span class='ocrx_word' id='word_1_105' title='bbox 766 1066 803 1118; x_wconf 90' lang='lat' dir='ltr'>ibi</span> <span class='ocrx_word' id='word_1_106' title='bbox 816 1066 918 1132; x_wconf 86' lang='lat' dir='ltr'>timore,</span> <span class='ocrx_word' id='word_1_107' title='bbox 933 1065 1007 1116; x_wconf 89' lang='lat' dir='ltr'>lassi·</span> 
     </span>
     <span class='ocr_line' id='line_1_15' title="bbox 110 1125 1008 1206; baseline 0.014 -32"><span class='ocrx_word' id='word_1_108' title='bbox 110 1125 189 1203; x_wconf 77' lang='lat' dir='ltr'>tudine,</span> <span class='ocrx_word' id='word_1_109' title='bbox 198 1136 223 1188; x_wconf 85' lang='lat' dir='ltr'>vi</span> <span class='ocrx_word' id='word_1_110' title='bbox 235 1136 357 1190; x_wconf 89' lang='lat' dir='ltr'>fluminis</span> <span class='ocrx_word' id='word_1_111' title='bbox 370 1138 490 1206; x_wconf 87' lang='lat' dir='ltr'>oppressi</span> <span class='ocrx_word' id='word_1_112' title='bbox 499 1137 642 1205; x_wconf 88' lang='lat' dir='ltr'>perierunt.</span> <span class='ocrx_word' id='word_1_113' title='bbox 666 1137 755 1189; x_wconf 91' lang='lat' dir='ltr'>Nostri</span> <span class='ocrx_word' id='word_1_114' title='bbox 769 1135 803 1187; x_wconf 92' lang='lat' dir='ltr'>ad</span> <span class='ocrx_word' id='word_1_115' title='bbox 817 1151 900 1186; x_wconf 91' lang='lat' dir='ltr'>unum</span> <span class='ocrx_word' id='word_1_116' title='bbox 913 1151 1008 1187; x_wconf 88' lang='lat' dir='ltr'>omnes</span> 
     </span>
     <span class='ocr_line' id='line_1_16' title="bbox 108 1199 1007 1276; baseline 0.002 -22"><span class='ocrx_word' id='word_1_117' title='bbox 108 1199 234 1268; x_wconf 53' lang='lat' dir='ltr'>llltdornes</span> <span class='ocrx_word' id='word_1_118' title='bbox 246 1206 545 1276; x_wconf 84' lang='lat' dir='ltr'>perpaucisvulneratis</span> <span class='ocrx_word' id='word_1_119' title='bbox 558 1223 591 1257; x_wconf 85' lang='lat' dir='ltr'>ex</span> <span class='ocrx_word' id='word_1_120' title='bbox 604 1207 669 1258; x_wconf 89' lang='lat' dir='ltr'>tanti</span> <span class='ocrx_word' id='word_1_121' title='bbox 682 1205 745 1258; x_wconf 90' lang='lat' dir='ltr'>belli</span> <span class='ocrx_word' id='word_1_122' title='bbox 759 1205 861 1272; x_wconf 94' lang='lat' dir='ltr'>timore,</span> <span class='ocrx_word' id='word_1_123' title='bbox 871 1221 935 1256; x_wconf 91' lang='lat' dir='ltr'>cum</span> <span class='ocrx_word' id='word_1_124' title='bbox 948 1203 1007 1256; x_wconf 89' lang='lat' dir='ltr'>hos·</span> 
     </span>
     <span class='ocr_line' id='line_1_17' title="bbox 108 1265 1007 1344; baseline 0.003 -21"><span class='ocrx_word' id='word_1_125' title='bbox 108 1265 162 1321; x_wconf 76' lang='lat' dir='ltr'>hum</span> <span class='ocrx_word' id='word_1_126' title='bbox 177 1291 302 1327; x_wconf 91' lang='lat' dir='ltr'>numerus</span> <span class='ocrx_word' id='word_1_127' title='bbox 320 1277 439 1344; x_wconf 89' lang='lat' dir='ltr'>capitum</span> <span class='ocrx_word' id='word_1_128' title='bbox 459 1292 592 1328; x_wconf 80' lang='lat' dir='ltr'><strong>ccccxxx.</strong></span> <span class='ocrx_word' id='word_1_129' title='bbox 611 1276 716 1327; x_wconf 90' lang='lat' dir='ltr'>milium</span> <span class='ocrx_word' id='word_1_130' title='bbox 735 1275 839 1342; x_wconf 89' lang='lat' dir='ltr'>suisset,</span> <span class='ocrx_word' id='word_1_131' title='bbox 857 1291 886 1325; x_wconf 88' lang='lat' dir='ltr'>se</span> <span class='ocrx_word' id='word_1_132' title='bbox 905 1275 929 1325; x_wconf 91' lang='lat' dir='ltr'>in</span> <span class='ocrx_word' id='word_1_133' title='bbox 950 1291 1007 1326; x_wconf 90' lang='lat' dir='ltr'>cas·</span> 
     </span>
     <span class='ocr_line' id='line_1_18' title="bbox 105 1333 1007 1413; baseline 0.003 -20"><span class='ocrx_word' id='word_1_134' title='bbox 105 1333 138 1382; x_wconf 68' lang='lat'>¹¹²</span> <span class='ocrx_word' id='word_1_135' title='bbox 151 1353 309 1413; x_wconf 83' lang='lat' dir='ltr'>receperunt.</span> <span class='ocrx_word' id='word_1_136' title='bbox 347 1346 445 1397; x_wconf 86' lang='lat' dir='ltr'>Caesar</span> <span class='ocrx_word' id='word_1_137' title='bbox 457 1344 506 1413; x_wconf 91' lang='lat' dir='ltr'>his,</span> <span class='ocrx_word' id='word_1_138' title='bbox 520 1343 627 1413; x_wconf 85' lang='lat' dir='ltr'>quasin</span> <span class='ocrx_word' id='word_1_139' title='bbox 640 1345 733 1397; x_wconf 88' lang='lat' dir='ltr'>castris</span> <span class='ocrx_word' id='word_1_140' title='bbox 753 1345 906 1412; x_wconf 82' lang='lat' dir='ltr'>retinuerat,</span> <span class='ocrx_word' id='word_1_141' title='bbox 920 1343 1007 1396; x_wconf 90' lang='lat' dir='ltr'>disce·</span> 
     </span>
     <span class='ocr_line' id='line_1_19' title="bbox 103 1393 1007 1483; baseline 0.004 -21"><span class='ocrx_word' id='word_1_142' title='bbox 103 1393 171 1483; x_wconf 61' lang='lat' dir='ltr'>denti</span> <span class='ocrx_word' id='word_1_143' title='bbox 182 1423 341 1482; x_wconf 88' lang='lat' dir='ltr'>potestatem</span> <span class='ocrx_word' id='word_1_144' title='bbox 354 1414 427 1466; x_wconf 87' lang='lat' dir='ltr'>lecit.</span> <span class='ocrx_word' id='word_1_145' title='bbox 464 1414 505 1466; x_wconf 91' lang='lat' dir='ltr'>Illi</span> <span class='ocrx_word' id='word_1_146' title='bbox 528 1415 660 1482; x_wconf 89' lang='lat' dir='ltr'>supplicia</span> <span class='ocrx_word' id='word_1_147' title='bbox 672 1414 859 1480; x_wconf 85' lang='lat' dir='ltr'>cruciatusque</span> <span class='ocrx_word' id='word_1_148' title='bbox 869 1413 1007 1466; x_wconf 86' lang='lat' dir='ltr'>Gallorum</span> 
     </span>
     <span class='ocr_line' id='line_1_20' title="bbox 101 1476 1008 1552; baseline 0.004 -22"><span class='ocrx_word' id='word_1_149' title='bbox 101 1476 175 1549; x_wconf 53' lang='lat' dir='ltr'>Venti,</span> <span class='ocrx_word' id='word_1_150' title='bbox 187 1500 299 1552; x_wconf 92' lang='lat' dir='ltr'>quorum</span> <span class='ocrx_word' id='word_1_151' title='bbox 311 1500 388 1550; x_wconf 84' lang='lat' dir='ltr'>agros</span> <span class='ocrx_word' id='word_1_152' title='bbox 400 1493 570 1552; x_wconf 81' lang='lat' dir='ltr'>vexaverant,</span> <span class='ocrx_word' id='word_1_153' title='bbox 586 1501 724 1535; x_wconf 87' lang='lat' dir='ltr'>remanere</span> <span class='ocrx_word' id='word_1_154' title='bbox 737 1500 766 1535; x_wconf 91' lang='lat' dir='ltr'>se</span> <span class='ocrx_word' id='word_1_155' title='bbox 779 1482 849 1551; x_wconf 92' lang='lat' dir='ltr'>apud</span> <span class='ocrx_word' id='word_1_156' title='bbox 864 1500 928 1534; x_wconf 90' lang='lat' dir='ltr'>eum</span> <span class='ocrx_word' id='word_1_157' title='bbox 937 1483 1008 1535; x_wconf 88' lang='lat' dir='ltr'>velle</span> 
     </span>
     <span class='ocr_line' id='line_1_21' title="bbox 98 1531 734 1605; baseline 0.005 -4"><span class='ocrx_word' id='word_1_158' title='bbox 98 1531 220 1605; x_wconf 63' lang='lat' dir='ltr'>ducrum.</span> <span class='ocrx_word' id='word_1_159' title='bbox 256 1553 305 1605; x_wconf 85' lang='lat' dir='ltr'>His</span> <span class='ocrx_word' id='word_1_160' title='bbox 317 1554 416 1604; x_wconf 86' lang='lat' dir='ltr'>Caesar</span> <span class='ocrx_word' id='word_1_161' title='bbox 427 1552 579 1605; x_wconf 85' lang='lat' dir='ltr'>libertatern</span> <span class='ocrx_word' id='word_1_162' title='bbox 592 1553 734 1605; x_wconf 86' lang='lat' dir='ltr'>concessit.</span> 
     </span>
    </p>

    <p class='ocr_par' dir='ltr' id='par_1_9' title="bbox 91 1619 1008 1900">
     <span class='ocr_line' id='line_1_22' title="bbox 125 1619 1005 1687; baseline 0.001 -15"><span class='ocrx_word' id='word_1_163' title='bbox 125 1619 167 1687; x_wconf 82' lang='grc' dir='ltr'>Ι16.</span> <span class='ocrx_word' id='word_1_164' title='bbox 184 1622 342 1674; x_wconf 88' lang='lat' dir='ltr'>Germanico</span> <span class='ocrx_word' id='word_1_165' title='bbox 360 1622 431 1674; x_wconf 88' lang='lat' dir='ltr'>bello</span> <span class='ocrx_word' id='word_1_166' title='bbox 450 1622 572 1674; x_wconf 87' lang='lat' dir='ltr'>confecto</span> <span class='ocrx_word' id='word_1_167' title='bbox 591 1622 683 1675; x_wconf 90' lang='lat' dir='ltr'>multis</span> <span class='ocrx_word' id='word_1_168' title='bbox 696 1621 730 1673; x_wconf 89' lang='lat' dir='ltr'>de</span> <span class='ocrx_word' id='word_1_169' title='bbox 743 1621 833 1673; x_wconf 89' lang='lat' dir='ltr'>causis</span> <span class='ocrx_word' id='word_1_170' title='bbox 845 1622 943 1672; x_wconf 89' lang='lat' dir='ltr'>Caesar</span> <span class='ocrx_word' id='word_1_171' title='bbox 956 1632 1005 1673; x_wconf 92' lang='lat' dir='ltr'>sta·</span> 
     </span>
     <span class='ocr_line' id='line_1_23' title="bbox 95 1675 1007 1760; baseline 0.002 -19"><span class='ocrx_word' id='word_1_172' title='bbox 95 1675 140 1752; x_wconf 62' lang='lat' dir='ltr'>¹¹3st</span> <span class='ocrx_word' id='word_1_173' title='bbox 153 1690 198 1743; x_wconf 91' lang='lat' dir='ltr'>sibi</span> <span class='ocrx_word' id='word_1_174' title='bbox 210 1692 334 1744; x_wconf 87' lang='lat' dir='ltr'>Rhenum</span> <span class='ocrx_word' id='word_1_175' title='bbox 349 1709 409 1743; x_wconf 87' lang='lat' dir='ltr'>esse</span> <span class='ocrx_word' id='word_1_176' title='bbox 426 1692 634 1758; x_wconf 76' lang='lat' dir='ltr'>transeundum,</span> <span class='ocrx_word' id='word_1_177' title='bbox 653 1708 768 1760; x_wconf 90' lang='lat' dir='ltr'>quarum</span> <span class='ocrx_word' id='word_1_178' title='bbox 787 1691 832 1742; x_wconf 90' lang='lat' dir='ltr'>illa</span> <span class='ocrx_word' id='word_1_179' title='bbox 852 1689 899 1742; x_wconf 88' lang='lat' dir='ltr'>luit</span> <span class='ocrx_word' id='word_1_180' title='bbox 917 1690 1007 1759; x_wconf 88' lang='lat' dir='ltr'>justis·</span> 
     </span>
     <span class='ocr_line' id='line_1_24' title="bbox 92 1755 1007 1830; baseline 0.003 -20"><span class='ocrx_word' id='word_1_181' title='bbox 92 1755 609 1830; x_wconf 81' lang='lat' dir='ltr'>⁸¹111a,quod,cumvideretGermanos</span> <span class='ocrx_word' id='word_1_182' title='bbox 627 1771 682 1813; x_wconf 92' lang='lat' dir='ltr'>tam</span> <span class='ocrx_word' id='word_1_183' title='bbox 702 1760 791 1813; x_wconf 82' lang='lat' dir='ltr'>facile³</span> <span class='ocrx_word' id='word_1_184' title='bbox 809 1760 918 1829; x_wconf 87' lang='lat' dir='ltr'>impelli,</span> <span class='ocrx_word' id='word_1_185' title='bbox 933 1769 961 1813; x_wconf 92' lang='lat' dir='ltr'>ut</span> <span class='ocrx_word' id='word_1_186' title='bbox 981 1761 1007 1813; x_wconf 91' lang='lat' dir='ltr'>iu</span> 
     </span>
     <span class='ocr_line' id='line_1_25' title="bbox 91 1809 1008 1900; baseline 0.008 -23"><span class='ocrx_word' id='word_1_187' title='bbox 91 1809 201 1887; x_wconf 67' lang='lat' dir='ltr'>,Galliam</span> <span class='ocrx_word' id='word_1_188' title='bbox 214 1833 343 1899; x_wconf 89' lang='lat' dir='ltr'>venirent,</span> <span class='ocrx_word' id='word_1_189' title='bbox 363 1832 419 1882; x_wconf 88' lang='lat' dir='ltr'>suis</span> <span class='ocrx_word' id='word_1_190' title='bbox 436 1848 543 1900; x_wconf 88' lang='lat' dir='ltr'>quoque</span> <span class='ocrx_word' id='word_1_191' title='bbox 563 1831 642 1884; x_wconf 90' lang='lat' dir='ltr'>rebus</span> <span class='ocrx_word' id='word_1_192' title='bbox 661 1848 708 1882; x_wconf 89' lang='lat' dir='ltr'>eos</span> <span class='ocrx_word' id='word_1_193' title='bbox 727 1833 820 1882; x_wconf 91' lang='lat' dir='ltr'>timere</span> <span class='ocrx_word' id='word_1_194' title='bbox 835 1830 924 1898; x_wconf 92' lang='lat' dir='ltr'>voluit,</span> <span class='ocrx_word' id='word_1_195' title='bbox 944 1847 1008 1884; x_wconf 89' lang='lat' dir='ltr'>cum</span> 
     </span>
    </p>

    <p class='ocr_par' dir='ltr' id='par_1_10' title="bbox 82 1893 1010 2595">
     <span class='ocr_line' id='line_1_26' title="bbox 90 1893 1008 1970; baseline 0.003 -21"><span class='ocrx_word' id='word_1_196' title='bbox 90 1893 265 1968; x_wconf 64' lang='lat' dir='ltr'>mtelttgerenr</span> <span class='ocrx_word' id='word_1_197' title='bbox 289 1911 316 1952; x_wconf 90' lang='lat' dir='ltr'>et</span> <span class='ocrx_word' id='word_1_198' title='bbox 340 1917 419 1969; x_wconf 87' lang='lat' dir='ltr'>posse</span> <span class='ocrx_word' id='word_1_199' title='bbox 444 1911 470 1952; x_wconf 90' lang='lat' dir='ltr'>et</span> <span class='ocrx_word' id='word_1_200' title='bbox 494 1901 594 1953; x_wconf 88' lang='lat' dir='ltr'>audere</span> <span class='ocrx_word' id='word_1_201' title='bbox 618 1900 709 1970; x_wconf 93' lang='lat' dir='ltr'>populi</span> <span class='ocrx_word' id='word_1_202' title='bbox 728 1901 840 1952; x_wconf 89' lang='lat' dir='ltr'>Romani</span> <span class='ocrx_word' id='word_1_203' title='bbox 859 1901 1008 1952; x_wconf 79' lang='lat' dir='ltr'>exercitum</span> 
     </span>
     <span class='ocr_line' id='line_1_27' title="bbox 82 1945 1009 2039; baseline 0.003 -21"><span class='ocrx_word' id='word_1_204' title='bbox 82 1945 208 2039; x_wconf 67' lang='lat' dir='ltr'>Rhenum</span> <span class='ocrx_word' id='word_1_205' title='bbox 235 1972 356 2023; x_wconf 87' lang='lat' dir='ltr'>transire.</span> <span class='ocrx_word' id='word_1_206' title='bbox 391 1971 515 2022; x_wconf 87' lang='lat' dir='ltr'>Accessit</span> <span class='ocrx_word' id='word_1_207' title='bbox 539 1971 623 2023; x_wconf 89' lang='lat' dir='ltr'>etiam</span> <span class='ocrx_word' id='word_1_208' title='bbox 641 1969 711 2039; x_wconf 91' lang='lat' dir='ltr'>quod</span> <span class='ocrx_word' id='word_1_209' title='bbox 731 1969 776 2021; x_wconf 90' lang='lat' dir='ltr'>illa</span> <span class='ocrx_word' id='word_1_210' title='bbox 794 1987 855 2038; x_wconf 87' lang='lat' dir='ltr'>pars</span> <span class='ocrx_word' id='word_1_211' title='bbox 873 1971 1009 2038; x_wconf 87' lang='lat' dir='ltr'>equitatus</span> 
     </span>
     <span class='ocr_line' id='line_1_28' title="bbox 89 2013 1009 2109; baseline 0.001 -20"><span class='ocrx_word' id='word_1_212' title='bbox 89 2013 228 2104; x_wconf 67' lang='lat' dir='ltr'>Usstpetum</span> <span class='ocrx_word' id='word_1_213' title='bbox 246 2051 274 2091; x_wconf 91' lang='lat' dir='ltr'>et</span> <span class='ocrx_word' id='word_1_214' title='bbox 293 2041 493 2108; x_wconf 84' lang='lat' dir='ltr'>Tencterorum,</span> <span class='ocrx_word' id='word_1_215' title='bbox 507 2057 589 2108; x_wconf 89' lang='lat' dir='ltr'>quarn</span> <span class='ocrx_word' id='word_1_216' title='bbox 608 2057 688 2109; x_wconf 87' lang='lat' dir='ltr'>supra</span> <span class='ocrx_word' id='word_1_217' title='bbox 706 2041 914 2091; x_wconf 83' lang='lat' dir='ltr'>commemoravi</span> <span class='ocrx_word' id='word_1_218' title='bbox 934 2056 1009 2108; x_wconf 89' lang='lat' dir='ltr'>prae·</span> 
     </span>
     <span class='ocr_line' id='line_1_29' title="bbox 89 2087 1009 2177; baseline 0.002 -21"><span class='ocrx_word' id='word_1_219' title='bbox 89 2087 170 2164; x_wconf 61' lang='lat' dir='ltr'>{laudi</span> <span class='ocrx_word' id='word_1_220' title='bbox 182 2107 416 2177; x_wconf 83' lang='lat' dir='ltr'>frumentandique</span> <span class='ocrx_word' id='word_1_221' title='bbox 431 2126 514 2160; x_wconf 87' lang='lat' dir='ltr'>causa</span> <span class='ocrx_word' id='word_1_222' title='bbox 531 2110 637 2162; x_wconf 88' lang='lat' dir='ltr'>Mosam</span> <span class='ocrx_word' id='word_1_223' title='bbox 657 2112 784 2161; x_wconf 89' lang='lat' dir='ltr'>transisse</span> <span class='ocrx_word' id='word_1_224' title='bbox 803 2125 890 2176; x_wconf 89' lang='lat' dir='ltr'>neque</span> <span class='ocrx_word' id='word_1_225' title='bbox 909 2107 1009 2175; x_wconf 90' lang='lat' dir='ltr'>proelio</span> 
     </span>
     <span class='ocr_line' id='line_1_30' title="bbox 90 2172 1009 2246; baseline 0.004 -22"><span class='ocrx_word' id='word_1_226' title='bbox 90 2172 246 2245; x_wconf 76' lang='lat' dir='ltr'>¹¹¹1erluisse,</span> <span class='ocrx_word' id='word_1_227' title='bbox 260 2188 319 2246; x_wconf 89' lang='lat' dir='ltr'>post</span> <span class='ocrx_word' id='word_1_228' title='bbox 336 2178 428 2246; x_wconf 85' lang='lat' dir='ltr'>sugam</span> <span class='ocrx_word' id='word_1_229' title='bbox 448 2195 555 2230; x_wconf 85' lang='lat' dir='ltr'>suorum</span> <span class='ocrx_word' id='word_1_230' title='bbox 576 2196 605 2230; x_wconf 90' lang='lat' dir='ltr'>se</span> <span class='ocrx_word' id='word_1_231' title='bbox 625 2192 696 2230; x_wconf 88' lang='lat' dir='ltr'>trans</span> <span class='ocrx_word' id='word_1_232' title='bbox 714 2178 838 2230; x_wconf 88' lang='lat' dir='ltr'>Rhenum</span> <span class='ocrx_word' id='word_1_233' title='bbox 851 2179 876 2229; x_wconf 90' lang='lat' dir='ltr'>in</span> <span class='ocrx_word' id='word_1_234' title='bbox 890 2178 958 2229; x_wconf 88' lang='lat' dir='ltr'>fines</span> <span class='ocrx_word' id='word_1_235' title='bbox 971 2177 1009 2230; x_wconf 84' lang='lat' dir='ltr'>Si·</span> 
     </span>
     <span class='ocr_line' id='line_1_31' title="bbox 91 2242 1009 2316; baseline 0.005 -22"><span class='ocrx_word' id='word_1_236' title='bbox 91 2242 256 2299; x_wconf 69' lang='lat' dir='ltr'>sauciorum</span> <span class='ocrx_word' id='word_1_237' title='bbox 276 2256 412 2316; x_wconf 88' lang='lat' dir='ltr'>receperat</span> <span class='ocrx_word' id='word_1_238' title='bbox 433 2265 516 2316; x_wconf 90' lang='lat' dir='ltr'>seque</span> <span class='ocrx_word' id='word_1_239' title='bbox 535 2266 596 2300; x_wconf 90' lang='lat' dir='ltr'>curn</span> <span class='ocrx_word' id='word_1_240' title='bbox 617 2249 649 2299; x_wconf 92' lang='lat' dir='ltr'>iis</span> <span class='ocrx_word' id='word_1_241' title='bbox 667 2248 850 2316; x_wconf 81' lang='lat' dir='ltr'>conjunxerat.</span> <span class='ocrx_word' id='word_1_242' title='bbox 887 2248 928 2300; x_wconf 85' lang='lat' dir='ltr'>Ad</span> <span class='ocrx_word' id='word_1_243' title='bbox 942 2264 1009 2314; x_wconf 90' lang='lat' dir='ltr'>quos</span> 
     </span>
     <span class='ocr_line' id='line_1_32' title="bbox 92 2311 1009 2386; baseline 0.004 -21"><span class='ocrx_word' id='word_1_244' title='bbox 92 2311 155 2376; x_wconf 50' lang='lat' dir='ltr'>lum</span> <span class='ocrx_word' id='word_1_245' title='bbox 167 2315 259 2368; x_wconf 85' lang='lat' dir='ltr'>Caesar</span> <span class='ocrx_word' id='word_1_246' title='bbox 272 2319 379 2368; x_wconf 88' lang='lat' dir='ltr'>nuutios</span> <span class='ocrx_word' id='word_1_247' title='bbox 392 2317 517 2385; x_wconf 87' lang='lat' dir='ltr'>misisset,</span> <span class='ocrx_word' id='word_1_248' title='bbox 528 2321 572 2386; x_wconf 90' lang='lat' dir='ltr'>qui</span> <span class='ocrx_word' id='word_1_249' title='bbox 586 2318 751 2386; x_wconf 86' lang='lat' dir='ltr'>postularent</span> <span class='ocrx_word' id='word_1_250' title='bbox 764 2334 817 2384; x_wconf 86' lang='lat' dir='ltr'>eos,</span> <span class='ocrx_word' id='word_1_251' title='bbox 828 2317 873 2384; x_wconf 90' lang='lat' dir='ltr'>qui</span> <span class='ocrx_word' id='word_1_252' title='bbox 888 2317 937 2369; x_wconf 88' lang='lat' dir='ltr'>sibi</span> <span class='ocrx_word' id='word_1_253' title='bbox 947 2318 1009 2369; x_wconf 88' lang='lat' dir='ltr'>Gal·</span> 
     </span>
     <span class='ocr_line' id='line_1_33' title="bbox 92 2361 1010 2456; baseline 0.002 -21"><span class='ocrx_word' id='word_1_254' title='bbox 92 2361 194 2450; x_wconf 59' lang='lat' dir='ltr'>lmeque</span> <span class='ocrx_word' id='word_1_255' title='bbox 212 2386 314 2440; x_wconf 92' lang='lat' dir='ltr'>bellum</span> <span class='ocrx_word' id='word_1_256' title='bbox 334 2387 493 2455; x_wconf 89' lang='lat' dir='ltr'>intulissent,</span> <span class='ocrx_word' id='word_1_257' title='bbox 515 2389 566 2439; x_wconf 87' lang='lat' dir='ltr'>sibi</span> <span class='ocrx_word' id='word_1_258' title='bbox 584 2387 721 2456; x_wconf 82' lang='lat' dir='ltr'>dederent,</span> <span class='ocrx_word' id='word_1_259' title='bbox 737 2386 943 2454; x_wconf 86' lang='lat' dir='ltr'>responderunt:</span> <span class='ocrx_word' id='word_1_260' title='bbox 964 2403 1010 2456; x_wconf 91' lang='lat' dir='ltr'>po·</span> 
     </span>
     <span class='ocr_line' id='line_1_34' title="bbox 94 2447 1010 2524; baseline 0.002 -19"><span class='ocrx_word' id='word_1_261' title='bbox 94 2447 151 2512; x_wconf 75' lang='lat' dir='ltr'>Puli</span> <span class='ocrx_word' id='word_1_262' title='bbox 161 2453 265 2508; x_wconf 89' lang='lat' dir='ltr'>Romani</span> <span class='ocrx_word' id='word_1_263' title='bbox 279 2457 424 2524; x_wconf 88' lang='lat' dir='ltr'>imperium</span> <span class='ocrx_word' id='word_1_264' title='bbox 436 2456 559 2508; x_wconf 91' lang='lat' dir='ltr'>Rhenum</span> <span class='ocrx_word' id='word_1_265' title='bbox 578 2457 670 2509; x_wconf 91' lang='lat' dir='ltr'>finire:</span> <span class='ocrx_word' id='word_1_266' title='bbox 691 2456 711 2509; x_wconf 90' lang='lat' dir='ltr'>si</span> <span class='ocrx_word' id='word_1_267' title='bbox 725 2473 755 2508; x_wconf 90' lang='lat' dir='ltr'>se</span> <span class='ocrx_word' id='word_1_268' title='bbox 768 2457 849 2507; x_wconf 88' lang='lat' dir='ltr'>invito</span> <span class='ocrx_word' id='word_1_269' title='bbox 862 2457 1010 2508; x_wconf 89' lang='lat' dir='ltr'>Germanos</span> 
     </span>
     <span class='ocr_line' id='line_1_35' title="bbox 94 2519 1010 2595; baseline 0.007 -24"><span class='ocrx_word' id='word_1_270' title='bbox 94 2519 121 2561; x_wconf 83' lang='lat'>¹¹1</span> <span class='ocrx_word' id='word_1_271' title='bbox 140 2519 247 2578; x_wconf 83' lang='lat' dir='ltr'>Galliam</span> <span class='ocrx_word' id='word_1_272' title='bbox 266 2527 376 2578; x_wconf 87' lang='lat' dir='ltr'>transire</span> <span class='ocrx_word' id='word_1_273' title='bbox 400 2543 453 2577; x_wconf 91' lang='lat' dir='ltr'>nou</span> <span class='ocrx_word' id='word_1_274' title='bbox 476 2543 594 2594; x_wconf 89' lang='lat' dir='ltr'>aequum</span> <span class='ocrx_word' id='word_1_275' title='bbox 618 2526 791 2595; x_wconf 82' lang='lat' dir='ltr'>existimaret,</span> <span class='ocrx_word' id='word_1_276' title='bbox 811 2543 858 2578; x_wconf 92' lang='lat' dir='ltr'>cur</span> <span class='ocrx_word' id='word_1_277' title='bbox 876 2525 917 2578; x_wconf 91' lang='lat' dir='ltr'>sui</span> <span class='ocrx_word' id='word_1_278' title='bbox 935 2525 1010 2593; x_wconf 89' lang='lat' dir='ltr'>quic·</span> 
     </span>
    </p>
   </div>
   <div class='ocr_carea' id='block_1_3' title="bbox 95 2622 1009 2658">
    <p class='ocr_par' dir='ltr' id='par_1_11' title="bbox 95 2622 1009 2658">
     <span class='ocr_line' id='line_1_36' title="bbox 95 2622 1009 2658; baseline 0.008 -11"><span class='ocrx_word' id='word_1_279' title='bbox 95 2622 1009 2658; x_wconf 34' lang='lat' dir='ltr'>m—</span> 
     </span>
    </p>
   </div>
   <div class='ocr_carea' id='block_1_4' title="bbox 122 2690 637 2765">
    <p class='ocr_par' dir='ltr' id='par_1_12' title="bbox 122 2690 637 2765">
     <span class='ocr_line' id='line_1_37' title="bbox 122 2690 637 2765; baseline 0.012 -16"><span class='ocrx_word' id='word_1_280' title='bbox 122 2690 131 2719; x_wconf 89' lang='lat'>¹</span> <span class='ocrx_word' id='word_1_281' title='bbox 142 2694 248 2765; x_wconf 78' lang='lat' dir='ltr'>Numely,</span> <span class='ocrx_word' id='word_1_282' title='bbox 261 2705 290 2753; x_wconf 84' lang='lat' dir='ltr'>ol</span> <span class='ocrx_word' id='word_1_283' title='bbox 302 2705 344 2752; x_wconf 88' lang='lat' dir='ltr'>the</span> <span class='ocrx_word' id='word_1_284' title='bbox 356 2721 452 2753; x_wconf 88' lang='lat' dir='ltr'>women</span> <span class='ocrx_word' id='word_1_285' title='bbox 463 2705 509 2754; x_wconf 84' lang='lat' dir='ltr'>and</span> <span class='ocrx_word' id='word_1_286' title='bbox 521 2706 637 2755; x_wconf 89' lang='lat' dir='ltr'>children.</span> 
     </span>
    </p>
   </div>
   <div class='ocr_carea' id='block_1_5' title="bbox 93 2778 1010 2945">
    <p class='ocr_par' dir='ltr' id='par_1_13' title="bbox 93 2778 1010 2945">
     <span class='ocr_line' id='line_1_38' title="bbox 121 2778 1010 2855; baseline 0.008 -18"><span class='ocrx_word' id='word_1_287' title='bbox 121 2778 260 2852; x_wconf 68' lang='lat' dir='ltr'>&#39;confluens</span> <span class='ocrx_word' id='word_1_288' title='bbox 277 2794 297 2841; x_wconf 91' lang='lat' dir='ltr'>is</span> <span class='ocrx_word' id='word_1_289' title='bbox 314 2794 426 2853; x_wconf 90' lang='lat' dir='ltr'>properly</span> <span class='ocrx_word' id='word_1_290' title='bbox 438 2810 451 2841; x_wconf 86' lang='lat' dir='ltr'>a</span> <span class='ocrx_word' id='word_1_291' title='bbox 462 2795 587 2854; x_wconf 89' lang='lat' dir='ltr'>participle</span> <span class='ocrx_word' id='word_1_292' title='bbox 604 2810 631 2842; x_wconf 94' lang='lat' dir='ltr'>or</span> <span class='ocrx_word' id='word_1_293' title='bbox 647 2795 781 2855; x_wconf 78' lang='lat' dir='ltr'>adjective3</span> <span class='ocrx_word' id='word_1_294' title='bbox 800 2795 818 2842; x_wconf 89' lang='lat' dir='ltr'>it</span> <span class='ocrx_word' id='word_1_295' title='bbox 835 2794 856 2841; x_wconf 87' lang='lat' dir='ltr'>is</span> <span class='ocrx_word' id='word_1_296' title='bbox 873 2793 931 2842; x_wconf 90' lang='lat' dir='ltr'>here</span> <span class='ocrx_word' id='word_1_297' title='bbox 948 2795 1010 2845; x_wconf 89' lang='lat' dir='ltr'>used</span> 
     </span>
     <span class='ocr_line' id='line_1_39' title="bbox 93 2837 1009 2945; baseline 0.007 -48"><span class='ocrx_word' id='word_1_298' title='bbox 93 2837 271 2945; x_wconf 45' lang='lat' dir='ltr'>:Qfltantivelp</span> <span class='ocrx_word' id='word_1_299' title='bbox 285 2853 332 2901; x_wconf 84' lang='lat' dir='ltr'>and</span> <span class='ocrx_word' id='word_1_300' title='bbox 343 2856 424 2900; x_wconf 80' lang='lat' dir='ltr'>alceus</span> <span class='ocrx_word' id='word_1_301' title='bbox 443 2854 463 2900; x_wconf 92' lang='lat' dir='ltr'>is</span> <span class='ocrx_word' id='word_1_302' title='bbox 482 2864 507 2901; x_wconf 91' lang='lat' dir='ltr'>to</span> <span class='ocrx_word' id='word_1_303' title='bbox 524 2857 553 2901; x_wconf 91' lang='lat' dir='ltr'>be</span> <span class='ocrx_word' id='word_1_304' title='bbox 573 2855 728 2902; x_wconf 87' lang='lat' dir='ltr'>understood.</span> <span class='ocrx_word' id='word_1_305' title='bbox 761 2853 816 2901; x_wconf 83' lang='lat' dir='ltr'>The</span> <span class='ocrx_word' id='word_1_306' title='bbox 833 2853 920 2902; x_wconf 85' lang='lat' dir='ltr'>author</span> <span class='ocrx_word' id='word_1_307' title='bbox 931 2855 1009 2916; x_wconf 87' lang='lat' dir='ltr'>might</span> 
     </span>
    </p>
   </div>
   <div class='ocr_carea' id='block_1_6' title="bbox 120 2903 742 3010">
    <p class='ocr_par' dir='ltr' id='par_1_14' title="bbox 120 2903 742 3010">
     <span class='ocr_line' id='line_1_40' title="bbox 120 2903 742 3010; baseline 0.006 -54"><span class='ocrx_word' id='word_1_308' title='bbox 120 2981 130 3010; x_wconf 44' lang='grc' dir='ltr'><strong>ι</strong></span> <span class='ocrx_word' id='word_1_309' title='bbox 154 2903 209 2958; x_wconf 80' lang='lat' dir='ltr'>have</span> <span class='ocrx_word' id='word_1_310' title='bbox 219 2913 280 2969; x_wconf 87' lang='lat' dir='ltr'>sard,</span> <span class='ocrx_word' id='word_1_311' title='bbox 293 2915 325 2960; x_wconf 85' lang='lat' dir='ltr'>od</span> <span class='ocrx_word' id='word_1_312' title='bbox 334 2913 476 2972; x_wconf 78' lang='lat' dir='ltr'>confluentes</span> <span class='ocrx_word' id='word_1_313' title='bbox 488 2913 583 2961; x_wconf 81' lang='lat' dir='ltr'>Mosam</span> <span class='ocrx_word' id='word_1_314' title='bbox 594 2923 615 2961; x_wconf 84' lang='lat' dir='ltr'>ct</span> <span class='ocrx_word' id='word_1_315' title='bbox 627 2914 742 2962; x_wconf 81' lang='lat' dir='ltr'>therrcm.</span> 
     </span>
    </p>
   </div>
   <div class='ocr_carea' id='block_1_7' title="bbox 94 2985 1009 3180">
    <p class='ocr_par' dir='ltr' id='par_1_15' title="bbox 94 2985 1009 3180">
     <span class='ocr_line' id='line_1_41' title="bbox 95 2985 1009 3096; baseline 0.007 -54"><span class='ocrx_word' id='word_1_316' title='bbox 95 2985 224 3096; x_wconf 48' lang='lat' dir='ltr'>,enituerat</span> <span class='ocrx_word' id='word_1_317' title='bbox 234 2999 301 3054; x_wconf 87' lang='lat' dir='ltr'>then,</span> <span class='ocrx_word' id='word_1_318' title='bbox 315 2998 332 3044; x_wconf 92' lang='lat' dir='ltr'>it</span> <span class='ocrx_word' id='word_1_319' title='bbox 350 3013 459 3056; x_wconf 86' lang='lat' dir='ltr'>appears,</span> <span class='ocrx_word' id='word_1_320' title='bbox 472 3000 513 3047; x_wconf 92' lang='lat' dir='ltr'>did</span> <span class='ocrx_word' id='word_1_321' title='bbox 529 3010 571 3048; x_wconf 89' lang='lat' dir='ltr'>not</span> <span class='ocrx_word' id='word_1_322' title='bbox 588 3000 682 3068; x_wconf 77' lang='lat' dir='ltr'>helieve</span> <span class='ocrx_word' id='word_1_323' title='bbox 699 3000 750 3047; x_wconf 83' lang='lat' dir='ltr'>thar</span> <span class='ocrx_word' id='word_1_324' title='bbox 770 2999 812 3047; x_wconf 89' lang='lat' dir='ltr'>the</span> <span class='ocrx_word' id='word_1_325' title='bbox 830 2999 946 3068; x_wconf 79' lang='lat' dir='ltr'>Usipetes</span> <span class='ocrx_word' id='word_1_326' title='bbox 962 3000 1009 3048; x_wconf 86' lang='lat' dir='ltr'>and</span> 
     </span>
     <span class='ocr_line' id='line_1_42' title="bbox 171 3058 1008 3119; baseline 0.008 -19"><span class='ocrx_word' id='word_1_327' title='bbox 171 3069 202 3103; x_wconf 88' lang='lat' dir='ltr'>err</span> <span class='ocrx_word' id='word_1_328' title='bbox 220 3058 265 3106; x_wconf 89' lang='lat' dir='ltr'>hod</span> <span class='ocrx_word' id='word_1_329' title='bbox 282 3059 348 3106; x_wconf 85' lang='lat' dir='ltr'>been</span> <span class='ocrx_word' id='word_1_330' title='bbox 364 3059 499 3116; x_wconf 89' lang='lat' dir='ltr'>compelled</span> <span class='ocrx_word' id='word_1_331' title='bbox 515 3070 540 3107; x_wconf 91' lang='lat' dir='ltr'>to</span> <span class='ocrx_word' id='word_1_332' title='bbox 556 3072 608 3119; x_wconf 87' lang='lat' dir='ltr'>quit</span> <span class='ocrx_word' id='word_1_333' title='bbox 627 3060 690 3106; x_wconf 85' lang='lat' dir='ltr'>their</span> <span class='ocrx_word' id='word_1_334' title='bbox 705 3070 816 3119; x_wconf 85' lang='lat' dir='ltr'>country.</span> <span class='ocrx_word' id='word_1_335' title='bbox 829 3058 960 3106; x_wconf 84' lang='lat' dir='ltr'>otherwise</span> <span class='ocrx_word' id='word_1_336' title='bbox 977 3058 1008 3107; x_wconf 78' lang='lat' dir='ltr'>he</span> 
     </span>
     <span class='ocr_line' id='line_1_43' title="bbox 94 3101 720 3180; baseline 0.014 -22"><span class='ocrx_word' id='word_1_337' title='bbox 94 3101 160 3154; x_wconf 60' lang='lat' dir='ltr'>”fild</span> <span class='ocrx_word' id='word_1_338' title='bbox 171 3126 209 3162; x_wconf 88' lang='lat' dir='ltr'>not</span> <span class='ocrx_word' id='word_1_339' title='bbox 219 3117 280 3165; x_wconf 83' lang='lat' dir='ltr'>have</span> <span class='ocrx_word' id='word_1_340' title='bbox 291 3115 353 3165; x_wconf 90' lang='lat' dir='ltr'>used</span> <span class='ocrx_word' id='word_1_341' title='bbox 365 3115 405 3163; x_wconf 90' lang='lat' dir='ltr'>the</span> <span class='ocrx_word' id='word_1_342' title='bbox 417 3120 567 3177; x_wconf 78' lang='lat' dir='ltr'>expression,</span> <span class='ocrx_word' id='word_1_343' title='bbox 580 3128 628 3166; x_wconf 85' lang='lat' dir='ltr'>tam</span> <span class='ocrx_word' id='word_1_344' title='bbox 636 3119 720 3180; x_wconf 79' lang='lat' dir='ltr'>focile.</span> 
     </span>
    </p>
   </div>
   <div class='ocr_carea' id='block_1_8' title="bbox 0 0 1131 3736">
    <p class='ocr_par' dir='ltr' id='par_1_16' title="bbox 0 0 1131 3736">
     <span class='ocr_line' id='line_1_44' title="bbox 0 0 1131 3736; baseline 0 0"><span class='ocrx_word' id='word_1_345' title='bbox 0 0 1131 3736; x_wconf 95' lang='lat' dir='ltr'> </span> 
     </span>
    </p>
   </div>
  </div>
 </body>
</html>
