2250 3736
107 232 147 290 32
410 250 452 290 uu
474 250 571 288 uacuo
591 248 727 288 cssurco.

108 357 222 410 tamdiu
236 373 265 408 sc
278 356 387 426 impune
407 357 516 427 injurias
533 357 626 409 tulisse
644 356 844 422 admirarentur,
859 354 958 408 eodem
970 373 1029 425 per-

109 427 211 478 tinere}
229 427 378 479 Consuesse
387 428 458 479 enirn
466 426 532 478 deos
541 426 712 493 immortales,
719 425 895 494 quo¹gravius
904 426 1029 478 homines

106 512 142 548 err
150 496 359 548 commutatione
369 513 456 548 rerum
466 496 581 563 doleant,
591 512 658 562 quos
667 511 712 563 pro
722 495 822 546 scelere
832 512 924 546 eorum
934 495 1029 546 ulcisci

106 564 198 633 volint,
210 566 252 616 his
264 564 435 617 secundiores
447 565 579 616 interdurn
593 582 635 615 res
648 573 674 615 et
684 564 874 616 diuturniorem
885 564 1029 630 impunita·

107 641 162 686 tem
172 635 327 686 concedere.
363 635 440 686 Cum*
454 652 487 686 ea
499 635 536 686 ita
548 635 608 701 sint,
619 642 717 701 tamen,
728 636 750 684 si
762 634 869 685 obsides
880 633 915 684 ab
929 634 963 684 iis
975 632 1029 685 sibi

105 703 209 772 dentur,
228 705 267 756 uti
292 721 332 770 ea,
350 720 420 771 quae
444 703 625 772 polliceantur,
645 703 761 754 facturos
785 703 931 769 intellegat,
951 710 980 752 et
1003 701 1028 754 si

107 773 209 825 Aeduis
221 773 255 825 de
268 772 377 842 injuriis,
391 790 459 840 quas
471 774 536 841 ipsis
553 773 684 839 sociisque
697 789 789 824 eorum
803 772 946 838 intulerint,
960 772 1028 826 item

105 841 128 892 si
140 842 327 908 Allobrogibus
339 842 511 908 satisfaciant,
522 858 582 893 sese
590 859 652 892 curn
663 841 695 892 iis
707 858 802 908 pacem
812 858 872 892 esse
882 841 1027 893 facturum.

105 909 199 962 Divico
223 911 373 979 respoudit:
393 911 429 962 ita
448 911 586 962 Helvetios
605 928 622 962 a
642 911 788 978 majoribus
811 910 867 962 suis
890 910 1027 962 institutos

105 995 173 1048 esse,
185 982 222 1032 uti
235 980 342 1032 obsides
352 984 485 1049 accipere,
496 997 548 1032 nou
556 979 629 1046 dare,
639 980 788 1030 consuerint
800 996 806 1030 :
820 976 879 1046 ejus
891 979 929 1029 rei
943 995 1027 1047 popu·

104 1047 162 1100 lum
174 1040 397 1101 Romanum'esse
410 1058 517 1102 testem.
553 1049 610 1101 Hoc
622 1065 747 1116 responso
759 1048 821 1100 dato
833 1047 966 1099 discessit.

142 1123 181 1170 15.
201 1119 308 1170 Postero
332 1118 376 1170 die
399 1127 487 1170 castra
510 1134 544 1170 ex
568 1134 599 1169 eo
623 1117 681 1169 loco
705 1127 822 1169 movent.
858 1115 935 1167 Idem
962 1116 1026 1169 lacit

103 1186 202 1239 Caesar
214 1188 419 1255 equitatumque
431 1204 547 1255 omnem,
565 1187 599 1239 ad
618 1203 761 1240 numerum
778 1193 890 1254 quatuor
909 1184 1024 1255 milium,

103 1271 185 1324 quern
198 1274 232 1309 ex
244 1257 316 1308 omni
328 1257 462 1325 provincia
480 1266 507 1309 et
518 1257 621 1309 Aeduis
639 1266 721 1323 atque
739 1272 831 1307 eorum
850 1254 930 1306 sociis
948 1271 1025 1306 coac-

102 1331 161 1377 tum
173 1325 298 1393 habebat,
307 1326 460 1395 praemittit,
470 1327 516 1394 qui
527 1325 642 1392 videant,
651 1342 718 1394 quas
729 1326 757 1376 in
769 1333 858 1393 partes
871 1324 963 1375 hostes
975 1325 1026 1375 iter

102 1393 211 1447 saciant.
247 1395 299 1452 Qui
311 1395 435 1462 cupidius
447 1395 623 1447 novissimum
635 1411 733 1461 agmen
743 1395 856 1446 insecuti
868 1393 955 1444 alieno
966 1392 1025 1444 loco

102 1479 164 1515 cum
179 1463 299 1532 equitatu
313 1464 495 1517 Helvetiorum
506 1464 635 1534 proelium
649 1465 835 1531 committunt,
848 1465 885 1513 et⁴
896 1463 976 1530 pauci
989 1461 1024 1513 de

101 1534 198 1584 nostris
209 1533 317 1585 cadunt.
353 1534 411 1591 Quo
424 1533 523 1602 proelio
536 1533 633 1586 sublati
646 1533 770 1601 Helvetii,
784 1532 855 1600 quod
867 1533 1025 1599 quingentis

101 1603 237 1669 equitibus
248 1611 352 1654 tantam
366 1603 564 1655 multitudinem
574 1602 695 1670 equitum
706 1603 881 1671 propulerant,
892 1601 1024 1653 audacius

101 1671 254 1740 subsistere,
268 1688 457 1740 nonnunquam
475 1681 502 1724 et
520 1672 664 1724 novissimo
682 1673 789 1738 agmine
808 1671 907 1740 proelio
920 1678 1024 1721 nostros

100 1739 234 1792 lacessere
244 1751 396 1809 coeperunt.
434 1743 531 1794 Caesar
540 1757 602 1793 suos
614 1758 630 1791 a
638 1741 736 1810 proelio
745 1740 898 1792 continebat
911 1756 945 1790 ac
957 1739 1029 1795 satis.

100 1807 217 1862 habebat
230 1812 257 1862 in
270 1811 420 1878 praesentia
439 1812 545 1862 hostem
564 1810 667 1878 rapinis,
681 1809 896 1878 pabulationibus
912 1807 1024 1876 popula·

100 1878 269 1946 tionibusque
279 1880 426 1947 prohibere.
445 1881 486 1933 Ita
494 1879 822 1946 diesciroiterquiudecim
833 1877 1022 1945 iterfecerunt,

99 1948 138 1999 uti
151 1948 219 1999 inter
230 1949 407 2002 novissimum
418 1950 534 2002 hostium
547 1964 645 2015 agmen
658 1958 684 1999 et
697 1958 816 2000 nostrum
835 1948 954 2016 primum
970 1963 1022 1999 nou

98 2016 217 2085 amplius
229 2018 318 2086 quinis
329 2026 376 2070 aut
388 2019 460 2070 senis
472 2018 581 2070 milibus
593 2034 722 2084 passuum
735 2017 885 2068 interesset.

137 2092 176 2138 16.
196 2087 306 2139 Interim
323 2087 442 2155 quotidie
461 2089 558 2139 Caesar
576 2085 685 2138 Aeduos
702 2086 876 2152 frumentum,
889 2085 962 2153 quod
981 2101 1022 2136 es·

99 2164 159 2207 sent
176 2155 284 2224 publice
302 2157 420 2225 polliciti,
434 2156 573 2222 flagitare.³
608 2155 679 2206 Nam
698 2167 803 2223 propter
821 2155 938 2223 lrigora,⁸
950 2153 1021 2224 quod

98 2223 186 2277 Gallia
199 2225 249 2277 sub
261 2225 503 2293 septemtrionibus,
515 2234 542 2276 ut
555 2231 617 2275 aute
630 2223 732 2276 dictum
745 2232 793 2292 est,
807 2226 893 2293 posita
906 2232 956 2292 est,
970 2239 1022 2276 non

98 2293 177 2346 modo
194 2293 329 2346 frumenta
346 2296 373 2346 in
391 2294 461 2361 agris
473 2303 579 2345 matura
590 2301 737 2361 nouerant,
752 2293 798 2344 sed
813 2310 846 2344 ne
859 2293 952 2360 pabuli
965 2293 1022 2361 qui·

97 2362 161 2414 dem
175 2363 239 2415 satis
248 2380 347 2432 magna
359 2365 435 2432 copia
448 2362 624 2432 subpetebat:
644 2378 676 2415 eo
688 2371 780 2414 autem
793 2363 936 2433 frumento,
950 2359 1022 2431 quod

127 2551 135 2579 ¹
145 2549 225 2597 Arose
236 2549 297 2597 lrom
309 2550 350 2598 the
361 2565 428 2597 same
439 2547 649 2607 cause-namely,
660 2546 722 2595 from
733 2547 775 2594 the
785 2563 841 2607 way
852 2547 877 2597 in
888 2548 971 2597 which
982 2549 1024 2598 tbs

96 2609 158 2669 gods
169 2609 304 2657 conducted
315 2610 357 2657 the
368 2608 449 2656 allans
460 2607 488 2654 os
500 2623 564 2654 men.

126 2695 217 2743 “After
227 2712 272 2756 quo
287 2695 356 2743 there
372 2694 460 2743 should
475 2692 558 2741 follow
569 2711 594 2741 eo
604 2694 762 2750 seurndicres,
774 2695 818 2741 but
834 2693 877 2741 the
888 2713 914 2742 eo
924 2695 946 2744 is
957 2696 1024 2745 often

96 2755 200 2803 omitted
211 2757 244 2815 by
255 2755 296 2802 the
307 2756 362 2802 best
373 2755 477 2801 writers.
613 2758 616 2764 '

126 2826 211 2875 ’That
223 2829 253 2885 is,
269 2826 417 2887 ‘although’

126 2906 136 2933 ⁴
146 2901 180 2949 Et
191 2903 248 2949 here
260 2901 368 2962 signifies
383 2900 444 2948 ‘and
455 2898 543 2956 there‚’
557 2899 598 2947 the
610 2908 632 2946 et
642 2899 716 2959 being
726 2900 807 2947 rather
817 2901 948 2959 emphatic.

127 2976 278 3080 'Flagitcra
289 2973 428 3032 commonly
437 2971 514 3042 called
525 2972 567 3042 the
578 2972 701 3042 historical
712 2972 829 3021 infinitiva
840 2973 1023 3038 sorflogitcbct3

99 3039 141 3084 but
153 3036 171 3082 it
183 3051 194 3082 s
213 3032 271 3080 ould
281 3034 311 3081 be
323 3033 401 3080 called
412 3034 576 3093 udescnptwc
585 3033 712 3092 rnfinrtwe.

127 3121 239 3169 ⁶Caesar
254 3118 311 3167 here
328 3118 417 3179 speaks
433 3118 461 3166 of
472 3119 514 3166 thc
530 3127 598 3178 great
615 3119 669 3167 cold
685 3120 710 3166 in
728 3119 801 3176 Gaul,
813 3120 907 3183 though
924 3124 941 3172 it
958 3140 1025 3175 must

99 3182 160 3229 have
178 3182 241 3227 been
257 3178 299 3225 the
315 3178 399 3226 month
415 3177 443 3225 of
460 3177 534 3237 July;
558 3179 601 3225 but
617 3193 655 3225 we
674 3188 740 3227 must
757 3184 895 3230 remember
911 3184 963 3232 that
985 3186 1026 3234 the

99 3239 212 3288 calendar
222 3248 246 3286 at
258 3237 311 3285 thot
322 3238 380 3284 time
392 3253 443 3284 was
454 3237 480 3284 in
490 3237 551 3286 such
561 3236 696 3295 confusion,
709 3239 762 3287 that
773 3239 815 3288 the
827 3242 914 3291 month
924 3243 952 3292 of
960 3244 976 3294 J
978 3260 1024 3294 unc

97 3298 227 3347 snswered
238 3307 264 3345 to
275 3311 318 3344 our
329 3295 408 3356 April.
