2250 3736
245 748 326 841 ΒΕ
357 747 559 839 BELLO
593 745 885 837 cronico,

478 1009 611 1064 LIBER
632 1007 660 1063 1.

423 1209 715 1222 ——C

104 1349 214 1404 Ganrnr
225 1359 265 1403 eet
277 1350 373 1404 omnis¹
382 1349 469 1404 divisa
480 1350 507 1404 in
519 1359 609 1420 partes
620 1358 681 1422 tres,
691 1367 805 1421 quarum
816 1365 899 1406 unam
912 1349 1031 1405 incolunt

106 1415 215 1488 Belgae,
233 1420 325 1472 aliam²
342 1419 477 1489 Aquitani,
496 1421 603 1473 tertiam
620 1421 665 1490 qui
685 1423 802 1490 ipsorum
820 1420 911 1488 lingua
929 1420 1029 1491 Celtae,

107 1497 195 1540 nostra
207 1489 275 1542 Galli
287 1489 464 1558 appellantur.
500 1489 535 1541 Hi
552 1506 647 1542 omnes
664 1490 762 1558 lingua,
776 1491 911 1554 institutis,
926 1489 1031 1558 legibue

112 1553 178 1608 inter
195 1575 223 1609 se
240 1559 377 1611 differunt.
413 1558 504 1611 Gallos
521 1559 556 1612 ab
574 1561 718 1628 Aquitanis
735 1561 871 1613 Garumna
889 1559 999 1628 flumen,
1012 1575 1030 1612 a

112 1619 197 1692 Belgis
208 1629 329 1680 Matrona
341 1637 368 1680 et
381 1628 511 1695 Sequana³
519 1629 623 1681 dividit.
647 1630 748 1682 Horum
760 1629 880 1681 omnium
892 1628 1030 1682 fortissimi

116 1704 171 1767 tunt
182 1695 286 1764 Belgae,
296 1706 436 1766 propterea
445 1698 515 1766 quod
528 1715 545 1749 a
556 1697 631 1750 cultu
642 1706 724 1819 atque
736 1698 911 1752 humanitate⁴
923 1698 1028 1767 provin·

119 1772 170 1813 crae
181 1764 332 1833 longissime
350 1765 455 1833 absunt,
469 1766 634 1834 minimeque
652 1784 668 1819 a
705 1784 752 1819 eos
769 1777 931 1820 mercatores
948 1783 1030 1836 saepe

119 1839 256 1898 Porumeant
268 1845 350 1904 atque
368 1852 409 1904 ea,
422 1852 492 1903 quae
504 1835 539 1888 ad
552 1835 747 1888 effeminandos
764 1839 870 1889 animos
888 1837 1029 1908 pertinent,

118 1906 254 1973 lfflportanq
269 1904 435 1974 proximique
454 1912 515 1957 eunt
533 1906 682 1974 Germanis,
696 1906 742 1973 qui
761 1912 834 1957 trans
850 1906 975 1960 Rhenum
992 1905 1030 1958 in-

114 1965 204 2040 colunt,
216 1974 378 2042 quibuscum
397 1975 563 2026 continenter
574 1973 676 2026 bellum
693 1983 804 2042 gerunt:
823 1991 878 2043 qua
902 1975 930 2028 le
948 1992 1031 2028 causa

109 2021 222 2094 Helvetii
234 2059 341 2112 quoque
359 2042 475 2111 reliquos
486 2042 577 2095 Gallos
587 2043 684 2095 virtute
702 2043 875 2112 praecedunt,
889 2044 959 2113 quod
973 2044 1030 2096 lere

98 2107 265 2210 {quotidianis
284 2112 392 2180 proeliis
410 2128 471 2164 curn
484 2112 626 2165 Germanis
644 2113 816 2182 contendant,
829 2130 891 2165 cnm
910 2122 956 2165 aut
975 2114 1031 2166 suis

117 2173 204 2232 'obus
214 2197 260 2232 eos
272 2179 420 2249 prohibent,
433 2189 480 2233 aut
492 2181 500 2232 i
521 2182 543 2233 si
556 2182 582 2233 iu
595 2198 687 2234 eorum
701 2182 800 2235 finibus
811 2181 912 2235 bellum
925 2190 1028 2250 gerunt.

93 2223 215 2302 Εθτιιιη5
234 2267 375 2318 unapars,
414 2267 477 2303 uam
517 2250 583 2302 allos
601 2251 721 2303 obtinere
739 2251 842 2303 dictum
863 2261 911 2320 eet,
925 2251 1030 2304 initium
1073 2283 1081 2295 ι

89 2307 180 2374 c“²pit
200 2336 217 2370 a
239 2319 351 2371 flumine
378 2319 505 2373 Rodano
517 2335 525 2387 3
555 2320 704 2374 continetur
725 2323 877 2374 iGarumna
907 2321 1029 2390 flumine,

78 2513 105 2549 er
112 2454 129 2484 ¹
153 2466 230 2520 What
243 2472 336 2541 Cacsar
346 2473 403 2521 here
415 2473 474 2521 calle
484 2475 520 2522 cll
530 2473 603 2530 Gaul,
614 2474 635 2522 ie
647 2473 712 2544 Gaul
723 2473 847 2522 exclusive
858 2474 887 2522 os
893 2474 935 2522 the
946 2473 1030 2522 south·

76 2523 226 2637 rualli
239 2531 1031 2655 lllltllitlltlllllitllsszhtli¹l⁸zlltltf
1103 2560 1105 2564 ’

73 2629 101 2666 ⁰¹⁵
116 2625 264 2697 Drooirlcic
275 2659 367 2698 nostro.
668 2673 670 2678 ·

102 2709 128 2741 ²
147 2719 234 2770 Aliam
244 2723 265 2770 ie
277 2722 334 2771 herc
345 2722 407 2771 used
418 2723 443 2771 in
453 2723 495 2771 the
506 2738 579 2772 oense
590 2722 619 2771 of
624 2726 730 2773 alteram.

68 2773 208 2900 ⁸¹¹'d'lslre
217 2795 286 2844 three
294 2796 371 2844 rivers
380 2795 437 2844 here
446 2797 587 2845 mentioned
595 2813 636 2846 arc
645 2797 686 2845 the
696 2797 795 2846 modern
802 2797 924 2868 Guronnc,
933 2797 1030 2858 Marna,

187 2870 246 2902 erne.

66 2908 126 2997 ορ
150 2923 239 2995 ᾬᾳὶςκε
248 2943 378 3033 captasses
387 2928 531 2997 overything
540 2929 671 3036 bclonqpng
679 2939 705 2977 to
713 2928 755 2998 the
764 2929 1031 2999 cutwarduappenrancc

66 2986 253 3092 qktgurqued
262 2987 279 3035 lr
289 3002 312 3042 e,
324 2986 384 3034 euch
395 3003 423 3058 με
434 2987 558 3048 dvmlhng,
569 2988 617 3036 clot
637 3004 686 3048 mg.
698 2987 763 3048 derly
771 3001 922 3057 occupatiori,
933 2991 980 3038 aud
989 2989 1031 3036 the

166 3075 171 3096 i
183 3058 203 3090 w
222 3060 291 3093 ereas
301 3049 437 3094 humanatae
448 3046 559 3095 reserato
570 3047 612 3095 the
624 3047 700 3095 moral
711 3047 832 3095 condition
844 3046 872 3094 of
883 3049 925 3096 the
936 3047 1031 3108 people.

101 3095 130 3124 ι
154 3111 244 3166 Boram
254 3117 331 3166 refers
347 3126 373 3166 to
388 3118 430 3167 the
446 3119 595 3168 inhabitants
607 3120 635 3168 of
647 3120 712 3168 Gaul
722 3120 861 3228 penerally,
874 3120 921 3168 and
937 3121 958 3168 is
973 3120 1032 3168 hero

105 3170 173 3219 δύ
182 3175 238 3226 with
249 3193 264 3226 a
274 3176 405 3236 colloquial
416 3178 588 3238 carelessness,
601 3179 696 3229 instead
707 3195 722 3228 o

67 3213 224 3285 mnium·
741 3196 791 3228 aaa
798 3196 858 3242 pare
869 3180 1033 3227 eammtrien

906 3297 958 3355 Qu

741 3432 764 3469 N
