2250 3736
550 257 644 296 meaa
664 255 691 296 v.
794 289 796 293 ,
1009 240 1066 298 115

83 366 389 436 magnitudine-per
407 365 511 418 medios
534 366 603 417 fines
620 364 789 416 Trevirorum
808 382 825 416 a
843 365 954 417 flumine
972 365 1065 418 Rheno

90 427 157 479 ad
187 435 295 488 initium
311 438 457 490 Remorum
478 435 599 504 pertinet,
618 433 720 485 bellum
741 452 832 501 parare
854 436 975 488 instituit.
1012 435 1064 488 Sed

95 505 311 574 pqsteaquam
328 505 447 558 nonnulli
464 505 597 572 principes
614 520 648 555 ex
665 520 697 554 ea
712 504 829 572 civitate,
843 513 870 556 et
883 505 1064 557 familiaritate

103 561 311 643 Cmgerorigis
333 575 444 627 adducti
468 583 495 626 et
518 574 636 625 adventu
660 572 741 624 nostri
765 575 899 626 exercitus
922 575 1061 643 perterriti,

105 636 164 688 ad
187 643 330 696 Caesarem
343 651 474 696 venerunt
490 651 517 694 et
534 642 568 694 de
585 643 639 694 suis
651 643 776 711 privatim
789 642 870 696 rebus
881 644 915 696 ab
928 661 960 696 eo
973 654 1064 713 petere

112 716 288 783 000perunt,
307 714 435 782 quoniam
456 713 557 770 civitati
577 713 716 764 consulere
737 728 788 764 non
809 722 925 781 possent,
947 713 1064 766 Indutio-

113 784 230 835 marus
249 785 355 852 veritus,
378 800 412 835 ne
432 783 468 836 ab
491 781 616 834 omnibus
631 780 806 852 desereretur,
825 782 928 850 legatos
945 783 979 835 ad
998 784 1063 835 Cae·

117 854 227 904 Sarem
245 854 339 906 mittit:
365 869 426 904 sese
444 851 541 903 idcirco
561 850 597 903 ab
616 850 672 902 suis
688 850 827 903 discedere
847 863 928 920 atque
946 869 980 904 aa
1000 869 1062 905 eum

119 921 229 973 venire
249 923 374 990 noluisse,
391 939 444 991 qno
464 921 570 973 facilius
590 920 724 972 civitatem
746 921 772 972 in
792 921 888 972 officiol
909 923 1063 990 contineret,

119 991 168 1032 ne
191 992 277 1044 omnis
294 991 441 1044 nobilitatis
459 991 580 1042 discessu
598 989 675 1058 plebs
688 998 793 1058 propter
806 990 1013 1059 imprudentiam
1027 992 1064 1050 la-

170 1062 263 1112 retur?
298 1063 392 1129 Itaque
416 1077 477 1112 esse
501 1061 640 1111 civitatem
662 1059 688 1110 in
708 1076 756 1110 sua
777 1069 906 1127 potestate
927 1078 1018 1130 seque,
1041 1061 1063 1113 si

122 1115 236 1181 Caesar
251 1132 423 1200 permitteret,
436 1130 468 1181 ad
489 1146 551 1181 eum
568 1129 594 1180 in
614 1137 701 1180 castra
717 1138 860 1181 venturum
877 1138 903 1181 et
921 1147 984 1181 suas
1000 1131 1064 1183 civi-

121 1191 250 1267 tatisque
263 1201 382 1253 fortunas
394 1199 453 1269 ejus
464 1198 537 1251 fider
548 1199 749 1267 permissurum.

169 1269 201 1317 4.
218 1269 319 1338 Caesar,
338 1270 389 1322 etsi
414 1267 587 1335 intelligebat,
606 1285 659 1336 qua
683 1266 717 1318 de
741 1284 823 1319 causa
847 1284 880 1319 ea
903 1267 1062 1337 dicerentur,

122 1338 260 1406 quaeque
280 1356 343 1391 eum
363 1356 404 1390 res
420 1338 456 1390 ab
475 1338 595 1389 instituto
612 1335 722 1389 consilio
739 1337 891 1403 deterreret,
910 1346 1008 1406 tamen,
1029 1355 1063 1391 ne

122 1407 265 1460 aestatem
286 1408 311 1460 in
333 1408 450 1460 Treviris
469 1423 626 1459 consumere
647 1415 793 1475 cogeretur,
811 1407 936 1459 omnibus
955 1408 990 1460 ad
1009 1408 1063 1460 Bri-

123 1466 271 1529 tannieum
283 1477 386 1530 bellum
408 1476 488 1528 rebus
508 1475 675 1545 comparatis,
689 1476 899 1529 Indutiomarum
911 1477 945 1528 ad
958 1494 987 1528 se
1000 1495 1063 1530 cum

124 1529 258 1598 ducentis
281 1546 419 1599 obsidibus
439 1546 530 1597 venite
553 1546 638 1614 jussit.
676 1545 726 1597 His
749 1545 880 1615 adductis,
903 1547 929 1598 in
952 1546 985 1598 iis
1008 1548 1062 1599 filio

124 1613 287 1684 propinquis
305 1633 340 1668 ue
354 1615 414 1685 ejus
426 1615 558 1682 omnibus,
572 1632 639 1684 quos
651 1614 807 1666 nominatim
820 1625 987 1684 evocaverat,
1002 1633 1062 1668 con·
1102 1678 1113 1685 Ι,

126 1675 237 1736 ΒθΙᾶωε
256 1634 465 1739 Indutiomarum
487 1683 659 1752 hortatusque
679 1692 728 1752 est,
746 1684 785 1735 uti
804 1684 831 1735 in
851 1685 938 1736 officio
959 1702 1063 1753 perma-

126 1750 228 1806 neret:
246 1754 328 1808 nihilo
341 1763 432 1807 tamen
451 1754 539 1805 secius
552 1752 716 1821 principibus
729 1753 898 1807 Trevirorum
911 1754 944 1806 ad
959 1771 988 1806 se
1001 1771 1062 1807 con·

128 1819 244 1894 vocatis,
264 1825 314 1877 hos
335 1824 491 1892 singillatim
512 1823 674 1890 Cingetorigi
696 1822 862 1875 conciliavit:
888 1823 958 1892 quod
977 1841 1062 1893 quum

128 1889 232 1944 merito
243 1894 311 1964 ejus*
322 1893 358 1946 ab
371 1910 399 1945 se
412 1893 468 1946 fieri
481 1891 655 1960 intelligebat,
669 1902 725 1944 tum
740 1894 830 1960 magni
844 1893 972 1946 interesse
991 1894 1061 1946 arbi·
1119 1949 1121 1954 ,

130 1948 259 2033 trahatur,
273 1963 333 2034 ejus
351 1963 537 2015 auctoritatem
556 1962 623 2013 inter
635 1978 698 2013 suos
709 1978 790 2030 quam
804 1962 950 2031 plurimum
963 1963 1060 2034 valere,

131 2027 285 2090 0111ustam
302 2032 439 2100 egregiam
455 2032 481 2084 in
501 2048 529 2082 se
547 2031 714 2082 voluntatem
733 2032 922 2100 perspexisset.
958 2032 988 2084 ld
1008 2033 1062 2086 fac·

131 2086 208 2166 ²¹²3?
221 2103 336 2170 graviter
360 2102 419 2154 tulit
443 2101 645 2168 Indutiomarus,
671 2116 749 2152 suam
771 2102 884 2168 gratiam
909 2101 977 2153 inter
1001 2120 1063 2156 suos

131 2163 228 2240 ¹¹¹¹11ui,
241 2184 267 2224 et
288 2171 335 2241 qui
353 2170 410 2239 jam
430 2179 492 2222 ante
514 2171 623 2222 inimico
639 2169 665 2220 in
686 2186 735 2221 nos
754 2170 844 2221 animo
860 2171 962 2240 suisset,
977 2172 1061 2226 multo

129 2233 239 2293 gravius
250 2240 301 2294 hoc
313 2241 402 2293 dolore
415 2238 522 2292 exarsit.

169 2300 196 2353 ⁵·
212 2308 260 2364 His
276 2310 357 2363 rebus
374 2310 531 2378 constitutis,
544 2309 643 2361 Caesar
658 2308 694 2360 ad
714 2314 820 2377 portum
840 2308 921 2362 Itium
940 2325 1004 2362 cum
1023 2309 1061 2364 le-

126 2411 1055 2452 χ-ῄ--ᾑ

116 2505 216 2636 ,Igna
222 2534 324 2642 ἐῗὲεῑΑ
335 2533 431 2593 portion
441 2531 468 2580 of
481 2531 499 2579 it
511 2531 561 2579 still
572 2530 659 2587 existe,
672 2529 772 2590 bearing
783 2528 824 2577 the
836 2546 907 2578 name
918 2530 946 2579 os
957 2530 1000 2579 the
1011 2531 1060 2583 Ar·

106 2642 291 2766 “sthofficium
300 2664 439 2733 frequently
449 2663 494 2712 has
505 2663 546 2711 the
563 2662 677 2723 meanIng
692 2661 720 2710 os
734 2662 900 2720 ‘obedience,'
914 2664 1061 2727 comprising

201 2737 229 2772 at
241 2741 256 2772 a
266 2740 354 2784 person
365 2740 385 2771 rs
397 2722 479 2771 bound
489 2732 514 2770 to
525 2723 557 2770 do
567 2725 600 2783 by
609 2723 656 2770 law
668 2738 695 2770 or
705 2732 854 2788 agreement.

96 2812 124 2866 ,ᾗ
137 2770 267 2885 Elabar,
280 2803 322 2845 ‘to
332 2797 405 2858 glide’
417 2812 443 2845 or
454 2796 514 2864 {slip
523 2796 539 2854 ;'
555 2795 661 2855 namely,
672 2794 733 2863 from
741 2796 785 2863 ¹the
797 2794 856 2863 path
865 2794 893 2841 os
900 2794 967 2855 duty.
989 2795 1061 2846 Plebs

131 2902 148 2930 ι
168 2859 224 2905 ere
237 2858 278 2905 the
289 2856 384 2917 people‚
398 2872 425 2903 as
436 2855 535 2903 distinct
546 2855 609 2902 from
619 2855 661 2902 the
672 2853 776 2914 nobtlrty
787 2869 813 2902 or
824 2864 978 2914 aristocracy.

88 2914 301 3038 beliffaplrely,
314 2940 339 2999 tp
348 2931 391 3036 phe
402 2931 474 3036 Jgdes,
488 2944 514 2977 or
524 2928 603 3035 vgrtue
615 2927 777 3034 anplhpppptp
787 2927 868 2975 which
880 2927 1061 2978 Indutiomarus

129 3000 504 3124 *utmltffttglrttt
556 3003 627 3035 ⁰⁰¹'
671 3021 677 3042 ’

73 3145 114 3200 rh
122 3103 142 3134 ι
160 3117 240 3183 'Phe
247 3135 314 3182 word
323 3137 446 3196 idsoctm
454 3135 475 3181 is
484 3132 611 3192 explained
622 3134 653 3192 by
661 3132 701 3179 the
711 3130 792 3179 clause
802 3148 870 3179 suom
875 3134 986 3194 gratiam,
997 3133 1058 3193 dac„

72 3178 146 3256 ose
168 3195 257 3242 Word
265 3196 359 3262 factum
369 3194 443 3252 being
454 3193 495 3240 the
506 3192 603 3253 general
615 3207 642 3238 or
653 3193 759 3237 abstract
771 3200 841 3246 term,
855 3192 896 3238 the
908 3191 958 3238 real
973 3202 1059 3242 nature

72 3272 117 3320 tu
132 3240 252 3300 which
263 3269 284 3300 rs
291 3270 361 3305 ,raom
370 3254 476 3315 gratiam
485 3254 569 3299 minui.
602 3250 657 3298 The
665 3248 733 3316 word
741 3251 783 3308 qai
793 3251 902 3297 contains
914 3250 955 3298 the
967 3250 1022 3300 idea
1031 3250 1058 3300 ol

127 3297 217 3366 ²²²0,
230 3306 344 3373 deacling
354 3327 433 3368 conse,
446 3311 546 3359 whence
558 3310 600 3358 the
611 3309 765 3368 subjunctive
773 3310 875 3369 saissa.

441 3554 460 3583 l
