2250 3736
40 240 45 248 “
107 233 161 295 tas
407 249 447 291 oe
468 248 565 290 naono
586 249 724 292 cancico.

103 376 231 415 manum:
252 359 414 428 impeditum
432 359 523 412 hostes
540 360 747 413 circumsistunt.
785 358 920 415 Succurrit
937 357 944 411 i

103 449 151 484 cus
164 431 203 482 illi
215 430 336 482 Varenus
349 441 375 481 et
389 429 517 482 laboranti
531 431 663 483 subvenit.
699 431 742 483 Ad
756 429 827 483 hunc
840 450 869 484 se
882 429 944 484 cont

103 517 119 552 a
145 500 264 552 Pulfione
288 499 375 551 omnis
398 499 541 552 multitudo
564 501 709 552 convertit:
729 500 805 553 illurn
825 511 917 554 veruto
939 507 944 550 t

104 570 186 622 fixum
199 568 368 620 arbitrantur.
405 570 532 622 Occursat
549 570 624 621 ocius
641 569 729 637 gladio
747 572 944 639 comminusque

103 639 171 706 gerit
190 639 320 706 Varenus,
339 647 420 706 atque
445 654 497 690 uno
522 638 661 690 interfecto
685 638 801 707 reliquos
824 640 943 708 paullum

103 707 196 777 pellit3
208 707 274 760 dum
288 708 409 776 cupidius
421 708 509 776 instat,
520 711 546 760 in
559 708 649 760 locum
662 707 813 761 inferiorern
822 709 943 777 dejectus

104 777 178 829 cidit.
215 778 285 829 Huic
298 794 388 830 rursus
400 778 583 829 circumvento
603 778 653 829 lert
672 776 826 830 subsidium
838 778 923 830 Pulfio
939 794 944 827 r

103 847 184 899 ambo
196 846 352 914 incolumes,
366 846 548 915 compluribus
567 847 721 912 interfectis,
736 863 844 899 summa
861 864 924 900 eum
939 845 944 898 l

104 932 164 968 sese
185 917 253 968 intra
270 917 432 968 munitiones
454 917 591 985 recipiunt.
628 915 670 969 Sic
686 915 791 967 fortuna
808 917 836 968 in
853 926 944 969 conten

103 994 131 1037 et
155 987 303 1038 certamine
327 995 470 1053 utrumque
495 986 632 1038 versavit¹
654 994 683 1038 ut
706 985 774 1037 alter
800 986 876 1038 alteri
899 986 944 1038 inir

103 1054 203 1106 auxilio
227 1055 360 1123 salutique
385 1065 464 1121 esset,
490 1071 578 1123 nequo
602 1024 743 1124 dijudicari
767 1064 866 1125 posset,
889 1063 944 1108 uter

103 1123 199 1176 virtute
211 1123 403 1177 anteferendus
416 1124 557 1176 videretur.

138 1199 181 1246 45.
200 1194 305 1251 Quanto
318 1202 374 1245 erat
387 1193 411 1244 in
425 1193 485 1246 dies
496 1194 600 1261 gravior
617 1201 698 1261 atque
715 1193 833 1262 asperior
850 1209 944 1262 oppugr

103 1270 131 1314 et
149 1264 267 1315 maxime
285 1263 364 1331 quod,
378 1280 476 1330 magua
494 1272 568 1332 parte
586 1263 703 1315 militum
722 1263 845 1314 conlecta
857 1263 944 1315 vulner

104 1349 146 1384 res
166 1332 200 1384 ad
221 1333 385 1400 paucitatem
406 1333 579 1384 defensorum
598 1340 764 1400 pervenerat,
785 1339 857 1384 tanto
875 1332 944 1385 erebi

103 1400 205 1452 litterae
226 1401 371 1469 nunciique
392 1401 426 1453 ad
447 1402 592 1454 Caesarem
612 1401 802 1454 mittebantur:
827 1418 940 1470 quorum

101 1469 271 1538 deprebensa
292 1471 319 1521 in
338 1481 483 1539 conspectu
508 1480 654 1523 nostromm
678 1471 791 1523 militum
816 1487 878 1523 curn
902 1487 944 1522 cru

101 1539 273 1592 necabantur.
312 1540 374 1591 Erat
395 1557 464 1592 unus
481 1541 562 1593 intus⁸
573 1541 696 1607 Nervius,
715 1540 822 1592 nomine
835 1540 944 1608 Vertico

101 1618 181 1661 natus
193 1608 312 1675 honesto,
323 1609 369 1676 qui
382 1625 399 1660 a
411 1610 497 1677 prima
508 1610 645 1662 obsidione
657 1609 691 1661 ad
702 1610 858 1662 Ciceronem
867 1609 944 1678 perlu

101 1694 233 1747 suamque
246 1679 272 1729 ei
284 1678 367 1730 fidem
380 1680 557 1746 praestiterat.
593 1679 645 1731 Hic
658 1696 734 1730 servo
747 1696 794 1747 spe
803 1678 936 1731 libertatis

101 1748 197 1816 nisque
215 1747 358 1816 persuadet
377 1749 511 1868 praemiis,
524 1758 555 1800 ut
573 1748 676 1800 litteras
694 1748 729 1800 ad
745 1748 890 1800 Caesarem
908 1747 943 1800 de

100 1815 156 1868 Has
168 1817 213 1868 ille
226 1819 254 1868 in
265 1815 376 1884 jaculoi
399 1818 484 1884 igatas
495 1817 573 1870 effert
581 1821 598 1886 3⁴
616 1825 643 1869 et
656 1817 751 1870 Gallus
769 1818 837 1868 inter
853 1817 944 1869 Gallos

100 1885 156 1937 ulla
177 1887 328 1956 suspicione
347 1898 469 1939 versatus
489 1886 524 1938 ad
543 1887 687 1939 Caesarem
705 1886 836 1955 pervenit.
872 1886 918 1939 Ab
936 1903 944 1939 t

99 1955 229 2023 periculis
241 1955 376 2007 Ciceronis
389 1955 554 2024 legionisque
568 1956 744 2024 cognoscitur.

133 2029 176 2076 46.
191 2025 296 2093 Caesar,
306 2025 426 2092 acceptis
438 2025 534 2076 litteris
546 2023 610 2076 hora
622 2026 728 2077 circiter
740 2023 884 2077 undecima
896 2024 942 2077 die

99 2092 147 2145 tim
160 2094 289 2146 nuncium
301 2094 328 2146 in
342 2093 498 2146 Bellovacos
509 2094 544 2146 ad
554 2095 594 2160 M.
605 2095 740 2147 Crassum⁶
748 2103 944 2162 quaestoremn

99 2161 178 2231 cujus
190 2162 302 2216 hiberna
311 2162 421 2215 aberant
434 2163 469 2215 ab
482 2180 514 2214 eo
528 2163 602 2216 milia
613 2179 743 2232 passuum
756 2179 820 2216 xxv.
839 2163 944 2216 Jubetn

98 2241 177 2284 nocte
197 2231 332 2300 legionem
353 2232 486 2300 proficisci
507 2233 684 2301 celeriterque
704 2232 739 2285 ad
760 2249 789 2283 se
808 2233 911 2284 venire.

98 2317 162 2354 cum
173 2303 272 2354 nuncio
285 2303 404 2354 Crassus.
441 2302 564 2355 Alterum
577 2302 612 2354 ad
625 2303 654 2354 C.
669 2302 783 2354 Fabium
795 2300 918 2368 legatum
930 2320 944 2354 n

98 2371 166 2422 utin
180 2370 352 2423 Atrebatium
369 2371 438 2423 fines
456 2371 591 2438 legionem
608 2371 733 2439 adducat,
747 2388 801 2439 qua
819 2370 870 2423 sibi
888 2371 941 2423 iter

97 2441 201 2493 undum
214 2439 325 2493 sciebat.
357 2439 452 2493 Scribit
464 2441 589 2510 Labieno,
603 2441 626 2492 si
640 2439 814 2508 reipublicae⁸
825 2441 944 2493 commo(

96 2525 158 2562 uere
171 2517 269 2580 posset,
281 2526 343 2562 cum
357 2509 462 2578 legione
473 2510 508 2563 ad
520 2511 589 2563 fines
600 2511 762 2563 Nerviorum
770 2509 874 2562 veniat:
890 2511 944 2562 reli«

125 2696 253 2759 ¹Dejectus
264 2697 285 2746 is
298 2697 397 2746 ‘driven
406 2699 489 2755 back,'
502 2715 530 2748 or
542 2698 680 2760 ‘repelled’

125 2770 272 2827 ’Verruciu-
290 2770 343 2819 that
354 2771 384 2827 is,
397 2771 484 2820 turned
502 2772 544 2820 the
561 2773 626 2822 scale
643 2773 785 2822 sometimes
801 2772 859 2829 this,
877 2773 944 2823 andr

96 2828 170 2878 times
185 2830 238 2878 tbat
249 2845 313 2890 way,
325 2845 353 2878 or
362 2829 451 2891 played
462 2831 522 2879 with
533 2832 610 2880 them.
642 2832 697 2880 Tbe
712 2834 830 2880 contentio
840 2832 862 2880 is
873 2833 916 2881 the
932 2850 944 2882 r

95 2888 214 2996 23ξὲἓὲ
224 2889 266 2937 the
283 2899 333 2937 two
348 2905 414 2946 men,
428 2892 471 2938 but
483 2890 524 2938 the
534 2899 649 2940 cenoman
665 2892 686 2939 is
703 2891 744 2940 the
761 2891 871 2952 struggle
881 2891 944 2942 with

125 3019 222 3076 'Intus¹
238 3020 361 3078 ‘within3'
380 3021 468 3081 supply
481 3025 538 3070 ‘our
548 3022 636 3082 camp!

125 3091 232 3152 ‘Effera
250 3093 339 3153 supply
350 3097 465 3142 ecastr-is.

124 3165 190 3212 ‘See
202 3165 317 3223 chariat.

125 3237 284 3308 ‘Respublica
299 3239 320 3287 is
336 3239 394 3288 here
409 3239 471 3290 used
481 3240 507 3290 in
518 3240 559 3291 tbe
570 3256 643 3291 seusa
653 3241 682 3292 oi
695 3240 752 3291 ‘the
767 3256 884 3292 common
898 3259 944 3306 gor

96 3297 163 3346 rolris
175 3299 277 3360 publico.
