2250 3736
115 241 169 300 122
411 261 451 298 os
474 261 571 323 sssao
592 260 729 300 asusrco.

110 367 225 421 colorem
243 377 324 436 atque
344 367 394 421 boc
412 368 556 420 horridiore
569 378 630 420 sunt
643 369 671 420 in
683 386 772 437 pugna
784 368 930 438 adspectu:
948 386 962 422 c

110 437 187 506 loque
206 446 266 489 sunt
286 438 414 506 promisso
432 447 513 505 atque
531 441 603 488 omni
624 447 698 506 parte
717 440 833 507 corporis
845 457 911 509 rasa,
925 457 962 508 pra

108 517 228 576 caputet
244 507 348 559 labrum
368 508 498 575 superins.
536 507 638 559 Uxores
657 508 758 561 habent
776 508 838 560 deni
857 508 961 562 duoden

110 577 176 629 Tnter
188 593 217 628 se
231 593 396 646 communes,
416 591 442 628 et
460 577 579 628 maxime
599 577 694 629 fratres
711 594 776 630 cum
794 577 918 632 iratribus
936 595 962 648 pa

108 655 203 715 tesque
216 664 280 698 cum
293 646 397 712 liberis3
416 646 463 698 sed
477 648 498 697 si
511 649 556 714 qui
570 655 631 698 sunt
644 663 678 700 ex
690 647 733 699 his
745 649 809 716 uati,
823 665 916 702 eorum
927 648 962 701 hs

107 726 150 769 tur
162 716 248 784 liberi,
261 719 321 784 quo¹
335 717 453 785 primum
465 717 537 782 virgo
550 733 673 784 quaeque
686 717 803 769 deducta
815 726 866 770 est.

145 791 184 838 15.
205 787 318 855 Equites
330 786 448 837 hostium
460 785 641 854 essedariique
654 787 751 838 acriter
768 787 867 855 proelio
879 803 962 840 cume

106 863 162 907 tatu
181 867 268 907 nostro
288 858 313 908 in
334 856 425 907 itinere
444 855 627 923 conflixerunt,
647 865 738 907 tamen
756 856 794 908 ut²
805 857 885 908 nostri
903 873 962 908 omn

106 926 225 994 partibus
244 927 392 993 superiores
405 924 503 976 suerint
519 933 600 993 atque
613 941 660 976 eos
673 927 698 977 in
712 925 795 976 silvas
807 926 962 994 collesqueo

106 996 236 1063 pulerint:
256 995 304 1047 sed
322 994 506 1062 compluribus
524 994 672 1046 interfectis
689 995 815 1062 cupidius
834 995 943 1048 insecuti
960 1012 962 1046 ι

105 1065 193 1117 nullos
210 1083 245 1117 ex
262 1065 318 1116 suis
335 1067 491 1115 amiserunt.
526 1065 563 1115 At
581 1063 627 1131 illi,
641 1065 795 1117 intermisso
813 1065 916 1133 spatio,¹
927 1064 960 1117 im

106 1134 232 1187 dentibus
261 1134 356 1186 nostris
384 1144 466 1201 atque
490 1135 629 1201 occupatis
651 1133 676 1185 in
702 1134 849 1186 munitione
872 1143 962 1186 castror

105 1204 193 1256 subito
206 1221 235 1256 se
249 1221 282 1256 ex
295 1202 369 1255 silvis
382 1203 519 1272 ejecerunt
533 1203 689 1271 impetuque
702 1203 728 1255 in
743 1220 790 1256 eos
802 1203 880 1272 lacto,
894 1204 962 1272 quie

104 1273 130 1324 in
153 1274 267 1325 statione
288 1290 334 1341 pro
355 1273 449 1324 castris
469 1271 598 1341 collocati,
620 1273 717 1324 acriter
737 1283 962 1341 pugnaverimus

104 1340 208 1411 busque
221 1343 311 1395 missis
323 1342 441 1394 subsidio
454 1341 608 1395 cohortibus
620 1359 636 1392 a
646 1342 770 1411 Caesare,
783 1352 865 1411 atque
879 1343 920 1395 his
931 1341 962 1412 pri

104 1410 240 1479 legionum
251 1412 373 1480 duarum,
384 1428 466 1479 quum
477 1411 549 1478 hae,⁴
559 1412 704 1480 perexiguo
715 1413 865 1464 intermisso
879 1411 927 1465 loci
939 1427 962 1479 sp

104 1481 221 1550 interae,
236 1482 424 1548 constitissent,
439 1498 506 1533 novo
518 1498 617 1549 genere
636 1498 740 1549 pugnae
759 1483 904 1550 perterritis
920 1497 962 1533 nos

103 1567 151 1620 per
168 1551 276 1609 medios,
292 1551 472 1602 audacissime
493 1559 675 1619 perruperunt,
695 1567 779 1618 seque
798 1551 860 1603 inde
878 1551 960 1603 irrcolu

103 1631 271 1688 receperunt.
308 1621 347 1673 Eo
371 1620 416 1672 die
440 1620 471 1678 Q.
497 1620 626 1672 Laberius
644 1620 739 1686 Durus,
760 1620 883 1673 tribunus
900 1620 962 1672 milit

102 1689 267 1742 interficitur.
305 1690 353 1755 Illi,
367 1689 487 1759 pluribus
499 1689 630 1742 immissis
641 1688 803 1757 cohortibus,
820 1690 962 1759 repelluutu

140 1764 179 1811 16.
199 1760 266 1811 Toto
285 1759 335 1812 boc
353 1760 380 1811 in
397 1776 496 1828 genere
515 1775 628 1827 pugnae,
643 1775 727 1826 quum
745 1759 795 1811 sub
808 1760 892 1812 oculis
903 1776 961 1812 omn

70 1855 71 1858 ¹
101 1844 135 1879 ac
156 1831 212 1897 pro⁶
232 1830 326 1881 castris
347 1829 526 1895 dimicaretur,
548 1827 716 1880 intellectum
736 1838 785 1897 est,
799 1839 901 1882 nostros
918 1844 962 1898 pro¹

101 1899 258 1965 gravitatem
278 1915 421 1966 armorum,
438 1897 507 1966 quod
527 1914 615 1965 neque
635 1896 738 1964 insequi
759 1898 890 1951 cedentes
908 1914 962 1968 poss

101 1984 189 2036 neque
211 1969 246 2021 ab
266 1969 349 2035 signis
369 1967 510 2019 discedere
534 1967 783 2035 auderent,.minus
803 1977 881 2036 aptos
901 1984 957 2020 esse

101 2035 182 2107 hujus
199 2037 305 2105 generis
323 2037 446 2103 hostem,
465 2038 572 2105 equites
591 2044 683 2087 autem
703 2052 803 2104 magno
824 2054 887 2090 cum
907 2037 962 2106 perit

100 2108 200 2174 proelio
224 2107 362 2175 dimicare,
388 2117 528 2175 propterea
552 2105 621 2174 quod
647 2105 686 2157 illi
711 2105 793 2159 etiarn
820 2107 938 2159 consulto

101 2193 214 2245 rumque
238 2175 373 2245 cederent,
401 2185 427 2227 et
452 2193 537 2244 quum
561 2173 671 2243 paulum
695 2174 731 2227 ab
752 2174 901 2244 legionibus
922 2191 962 2229 not

101 2246 286 2314 removissent,
301 2262 335 2298 ex
348 2246 452 2297 essedis
470 2245 607 2297 desilirent
626 2252 653 2295 et
671 2243 787 2312 pedibus
804 2245 905 2315 dispari
922 2260 962 2315 pro

99 2420 154 2470 The
164 2424 344 2529 verbioplcinnt
356 2425 472 2472 indicates
483 2423 535 2471 that
547 2423 588 2470 the
600 2422 646 2482 dye
656 2438 707 2469 was
719 2421 815 2480 spplied
826 2432 868 2470 not
879 2423 935 2482 only
943 2431 962 2470 tc

98 2481 192 2529 surfuce
204 2484 251 2550 olt
271 2499 284 2530 c
301 2484 365 2538 skip,
379 2487 422 2531 but
439 2483 579 2542 penetrated
591 2483 618 2536 it,
632 2481 678 2549 and
695 2482 753 2528 thus
770 2482 861 2530 caused
878 2483 918 2531 the
933 2481 962 2542 dy

98 2556 187 2600 appear
197 2541 247 2589 lrlre
260 2541 301 2589 the
312 2542 407 2590 natural
418 2543 501 2590 colour
512 2542 539 2590 ol
551 2542 592 2589 the
604 2541 668 2588 slnn.

127 2630 135 2657 ¹
149 2627 214 2690 Qua·
233 2628 285 2676 that
297 2628 326 2686 is,
339 2633 371 2677 ad
380 2646 446 2691 quos,
460 2646 486 2678 or
497 2631 523 2677 in
534 2645 634 2690 quorum
643 2631 729 2676 doctos.
759 2627 882 2677 Deducere
896 2629 917 2677 is
932 2637 958 2677 tc

98 2703 114 2736 a
123 2689 191 2736 bride
202 2688 283 2737 home.

126 2761 211 2809 ’Thst
222 2761 252 2818 is,
266 2765 301 2810 ito
312 2771 389 2810 tomen
400 2769 435 2808 nt.

126 2835 136 2864 ¹
146 2836 171 2884 N
173 2836 263 2896 smely,
277 2836 394 2896 temporis,
410 2832 485 2880 ‘after
495 2833 536 2880 the
548 2833 616 2892 lapse
627 2831 655 2880 ol
666 2847 735 2879 some
746 2831 823 2879 time)

126 2910 296 2969 ‘Respecting
308 2907 348 2955 the
357 2911 400 2956 liae
409 2906 471 2955 after
479 2907 520 2953 the
531 2906 636 2955 ablativo
648 2904 768 2961 absolute,
780 2921 823 2953 see
834 2905 962 2964 iii.14,not

97 2982 209 3028 compare
221 2969 252 3015 iv.
264 2971 302 3023 21,
316 2979 372 3014 uota
382 2967 402 3013 l.

127 3043 196 3091 ⁸Pro
210 3041 277 3095 here,
295 3056 322 3087 as
339 3039 364 3087 in
381 3053 454 3099 many
465 3037 534 3086 other
543 3036 634 3096 places,
647 3035 668 3084 is
679 3035 720 3084 the
737 3051 804 3084 same
815 3052 843 3084 as
853 3046 919 3096 onte,
930 3052 958 3086 or

103 3106 215 3162 fronton,
231 3099 268 3146 ‘in
279 3099 340 3146 frout
352 3097 393 3146 ol!

125 3177 200 3223 ⁰Tho
212 3173 358 3234 proposition
367 3175 406 3228 od,
418 3170 510 3218 instead
522 3169 549 3219 os
556 3171 597 3219 the
606 3168 694 3230 ¹simple
703 3169 783 3218 dative
792 3170 861 3225 hosti,
872 3168 962 3229 implicr

96 3236 154 3296 only
165 3234 251 3282 fitness
259 3233 313 3287 jor,
326 3233 370 3278 but
381 3231 431 3279 also
441 3232 552 3291 agninam
565 3230 616 3278 that
629 3231 658 3287 is,
669 3230 754 3278 fitness
765 3238 790 3276 to
801 3226 862 3288 light
874 3230 962 3290 against

96 3309 195 3354 enemy.
227 3289 403 3348 Sasernam.
