2250 3736
97 253 138 310 24
401 270 442 308 us
464 270 560 307 uacuo
583 270 719 310 carmon.

98 380 213 445 Oceano,
238 378 335 430 finibus
359 377 500 444 Belgarum
514 395 521 446 3
551 378 655 445 attingit
682 378 764 430 etiam
783 378 817 430 ab
841 377 974 446 Sequanis
998 385 1021 430 el

99 448 229 501 Helvetiis
241 448 341 498 flumen
361 447 500 516 Rhenum,
519 448 603 514 vergit
621 447 655 498 ad
675 449 896 515 septemtriones
925 448 1024 515 Belgae

99 519 134 570 ab
147 517 273 568 extremis
285 516 387 568 Galliae
400 517 498 568 finibus
517 518 635 567 oriuntur
643 534 651 585 3
670 519 800 584 pertinent
818 517 852 568 ad
872 516 1025 568 inferiorem

100 597 202 656 partem
213 586 332 637 fluminis
342 585 425 636 Rheni
436 603 443 653 3
457 597 577 654 spectant
587 587 614 637 in
623 587 841 653 septemtrionem
855 596 882 636 et
895 587 1025 637 orientem

100 657 194 708 solem.
230 655 402 723 Aquitaniae
414 656 550 707 Garumna
568 655 678 706 flumine
697 655 730 706 ad
752 656 903 724 Pyrenaeos
922 665 1026 706 montes

101 735 128 777 et
152 743 213 776 eam
238 733 340 793 partem
365 725 471 792 Oceani,
492 742 562 792 quae
586 734 626 775 est
650 724 683 775 ad
709 725 874 794 Hispaniam,
894 725 1009 793 pertinet
1018 740 1025 792 3

101 804 203 864 spectat
217 795 285 845 inter
297 809 422 845 occasum
437 794 500 845 solis
512 802 538 844 et
552 794 763 861 septemtriones.

138 869 161 914 2.
182 863 260 930 Apud
288 862 424 913 Helvetios
450 863 527 930 longe
552 863 734 915 nobilissimus
751 863 801 914 luit
827 869 854 914 et
879 863 1026 914 ditissimus

101 933 246 999 Orgetorix.
283 933 309 983 Is
332 933 373 983 M.
392 932 512 983 Messala
536 944 562 983 et
586 933 627 984 M.
646 933 741 984 Pisone
766 932 928 984 oonsulibusl
952 932 1025 998 regui

102 1003 248 1070 cupiditate
267 1001 392 1052 inductus
408 1001 618 1069 'conjurationem
637 1001 781 1053 nobilitatis
799 1001 862 1052 feeit
881 1009 907 1052 et
926 999 1026 1053 civitati

121 1073 241 1138 ersuasit,
257 1079 284 1122 ut
296 1070 330 1121 de
344 1070 441 1122 finibus
453 1072 508 1122 suis
520 1087 583 1122 oum
595 1071 719 1122 omuibus
731 1070 814 1139 copiis
830 1071 949 1122 exirent:
969 1086 1026 1138 per·

102 1089 181 1192 iacile
201 1158 268 1208 esse,
288 1157 351 1191 cum
370 1140 466 1191 virtute
490 1140 613 1191 omuibus
637 1148 806 1208 praestarent,
826 1141 905 1190 totius
923 1139 1026 1192 Galliae

103 1210 214 1278 imperio
233 1210 319 1277 potiri.
357 1208 385 1260 ld
405 1210 455 1260 hoc
473 1209 579 1260 facilius
597 1209 637 1261 eis
655 1208 793 1277 persuasit,
812 1209 883 1276 quod
909 1210 1027 1276 undique

103 1279 153 1331 loci
168 1289 261 1330 natura
274 1278 389 1328 Helvetii
402 1280 583 1330 continentur:
603 1295 657 1330 una
669 1295 702 1329 ex
716 1288 789 1344 parte
802 1279 912 1329 flumine
926 1278 1026 1344 Rheno,

103 1348 233 1400 latissimo
252 1359 332 1415 atque
350 1348 486 1416 altissimo,
500 1348 546 1416 qui
564 1365 657 1415 agrum
676 1347 831 1399 Helvetium
849 1365 866 1398 a
885 1349 1028 1398 Germanis

103 1419 199 1470 dividit
209 1433 216 1485 3
243 1417 327 1467 altera
346 1433 379 1468 ex
398 1426 472 1484 parte
490 1427 581 1469 monte
599 1418 662 1469 Jura
680 1416 816 1484 altissimo,
836 1417 880 1482 qui
901 1425 941 1467 est
962 1418 1028 1467 inter

103 1486 239 1554 Sequanos
251 1496 277 1536 et
291 1486 443 1554 Helvetios3
462 1487 539 1537 tertia
552 1487 612 1538 lacu
631 1487 777 1536 Lemanrro²
789 1495 814 1536 et
828 1486 940 1537 flumine
959 1484 1028 1538 ero·

103 1556 179 1625 dano,
201 1555 246 1624 qui
271 1555 433 1623 provinciam
463 1566 579 1607 nostram
609 1555 644 1606 ab
674 1555 804 1605 Helvetiis
828 1554 929 1606 dividit.
980 1555 1028 1606 His

103 1627 182 1677 rebus
194 1625 283 1692 fiebat,
297 1632 326 1675 ut
339 1633 366 1674 et
380 1625 477 1676 minns³
490 1625 542 1675 late
555 1632 714 1690 vagarentur
727 1634 753 1674 et
766 1625 855 1675 minus
869 1624 948 1676 facile
970 1624 1027 1674 fini·

101 1694 174 1747 timis
188 1694 286 1746 bellum
301 1693 397 1744 inferre
416 1703 536 1761 possent:
557 1711 610 1761 qua
623 1693 656 1743 de
670 1710 752 1744 causa
771 1693 891 1744 homines
911 1693 1027 1745 bellandi

102 1765 192 1831 cupidi
213 1780 309 1829 magno
327 1762 416 1813 dolore
437 1763 631 1814 afficiebantur.
669 1763 718 1813 Pro
737 1762 916 1814 multitudiue‘
933 1773 1026 1814 autem

102 1832 240 1884 hominum
254 1842 279 1882 et
293 1848 337 1899 pro
346 1831 428 1897 gloria
437 1832 500 1884 belli
512 1840 593 1900 atque
607 1831 766 1883 fortitudinis
778 1844 903 1898 angustos
917 1849 946 1882 se
960 1832 1027 1883 lines

102 1900 201 1954 habere
225 1901 427 1968 arbitrabantur,
452 1901 497 1969 qui
522 1901 549 1952 in
572 1900 766 1967 longitudinem
794 1901 868 1953 milia
897 1918 1026 1969 passuum

102 1987 188 2038 ccxc,
203 1971 228 2021 in
243 1969 410 2020 latitudinem
423 1987 521 2022 ccxxx.
534 1969 669 2038 patebant.

137 2043 160 2089 3.
181 2040 228 2089 His
241 2038 321 2090 rebus
335 2038 442 2090 adducti
456 2048 482 2090 et
495 2039 650 2090 auctoritate
663 2038 822 2106 Orgetorigis
839 2040 951 2107 permoti
966 2055 1027 2090 con·

102 2109 242 2186 stituerunt
256 2125 296 2175 ea,
310 2115 379 2185 quae
392 2108 426 2160 ad
439 2108 660 2176 proficiscendum
679 2108 848 2176 pertinerent,
862 2124 1026 2177 comparare,

100 2188 282 2248 jumentorum
296 2186 321 2228 et
335 2193 467 2229 carrorum
479 2195 560 2246 quam
574 2177 721 2229 maximum
736 2194 876 2229 numerum
890 2182 1025 2246 coemere,

102 2257 239 2300 sementes
250 2263 332 2315 quam
349 2249 483 2299 maximas
495 2247 592 2314 facere,
607 2254 634 2297 ut
653 2246 678 2297 in
698 2246 792 2297 itinere
811 2247 885 2314 eopia
898 2247 1026 2299 frumenti

102 2325 263 2385 suppeteret,
274 2333 336 2367 cum
350 2317 477 2384 proximis
489 2315 651 2377 civitatibus³
660 2332 754 2383 paoem
768 2324 795 2366 et
806 2315 954 2367 amicitiam
965 2333 1034 2368 con·v

101 2386 216 2438 firmare.
260 2385 301 2437 Ad
325 2401 371 2436 eas
392 2403 434 2437 res
454 2385 632 2437 conficiendas
653 2384 789 2436 biennium
810 2384 859 2435 sibi
880 2387 945 2434 satis
965 2401 1026 2435 esse

101 2455 250 2506 duxerunt:
277 2455 300 2504 in
322 2455 428 2506 tertium
447 2471 547 2506 annum
571 2454 761 2522 prosectionem
781 2453 840 2520 lege
859 2453 1025 2504 confirmant.

101 2524 203 2576 Adeas
217 2523 267 2574 res⁸
276 2523 455 2575 conficiendas
463 2525 599 2591 Orgetorix
611 2523 745 2590 deligitur.
769 2523 795 2574 ls
804 2522 855 2574 sibi
864 2521 1027 2589 legationem

101 2594 136 2646 ad
155 2593 277 2644 civitates
295 2593 421 2661 suscepit.
457 2592 487 2645 ln
506 2609 537 2644 eo
557 2593 649 2644 itinere
668 2592 810 2661 persuadet
823 2592 934 2661 Castico,
948 2592 1025 2644 Cata·

102 2842 108 2853 ,
131 2783 213 2890 ¹ghpt
224 2783 253 2838 is,
264 2781 289 2829 in
298 2780 338 2828 the
348 2796 406 2840 year
416 2795 472 2828 aec.
482 2783 519 2836 61,
528 2795 555 2828 or
563 2781 631 2827 three
641 2794 711 2839 years
720 2778 802 2826 before
813 2777 928 2826 Caesar's
939 2778 1029 2828 arrival

101 2857 126 2891 rn
162 2859 210 2890 au.

129 2914 203 2961 ¹The
214 2917 280 2960 locor
291 2912 429 2960 Lemonum
440 2911 461 2959 is
472 2910 513 2958 the
526 2911 580 2958 lake
592 2910 621 2958 of
634 2910 736 2958 Genera
746 2909 771 2958 in
782 2909 952 2958 Switzerland.

130 2985 215 3034 ⁸'rhat
227 2986 256 3041 is,
270 2985 319 3033 less
331 2987 390 3032 than
401 2985 459 3045 they
471 2984 543 3032 could
554 2984 615 3032 have
627 2984 729 3032 wished.

130 3061 140 3088 ⁴
149 3059 195 3106 See
207 3059 276 3116 chop.
285 3061 322 3104 29.

131 3131 215 3178 'Thur
227 3131 257 3186 is,
270 3129 330 3176 with
342 3129 382 3176 the
392 3128 569 3189 neighbouring
580 3138 657 3176 states
668 3145 695 3176 or
706 3129 879 3177 communities
890 3129 919 3177 os
932 3129 1007 3178 Gaul.

130 3205 198 3252 ⁸an
210 3221 247 3250 rea
258 3203 315 3249 here
331 3203 407 3251 refers
422 3212 447 3249 to
458 3203 490 3249 all
507 3201 548 3248 the
565 3200 799 3249 before-mentioned
810 3204 903 3261 points:
922 3203 964 3251 the
977 3220 1029 3252 em·

100 3266 175 3324 bussy
185 3265 215 3310 he
225 3263 359 3310 undertoolr
370 3261 472 3309 himself
479 3263 556 3318 (silim
570 3262 612 3308 but
624 3261 665 3308 the
674 3260 744 3308 other
752 3271 853 3310 matters
866 3263 895 3309 he
907 3261 1029 3312 intrusted

97 3333 124 3370 to
134 3324 178 3370 the
188 3338 244 3370 oure
255 3321 284 3368 ol
295 3322 386 3369 others.
1015 3357 1018 3361 .
