2250 3736
137 225 194 284 198
436 242 476 281 urs
498 241 595 281 suaso
617 241 752 281 eunuco.

134 351 209 420 signa
221 351 371 404 constitere.
407 352 443 404 At
456 349 617 419 reliquarum
636 349 736 402 milites
753 347 898 417 legionum,
912 363 967 402 non
979 363 1061 401 erau-

134 421 189 474 dito
201 421 281 474 tubae
300 438 371 488 sono,
384 420 453 489 quod
467 421 531 472 eatis
547 437 645 487 magna
657 419 735 471 vallis
753 419 946 487 intercedebat,
960 418 1062 471 tameu²

134 490 169 543 ab
181 489 293 542 tribunis
303 490 419 542 militum
432 489 589 557 legatisque,
604 497 632 541 ut
645 496 700 540 erat
712 505 729 539 a
741 489 854 541 Caesare
874 496 1060 557 praeceptum,

134 559 329 612 retinebantur:
348 558 396 611 sed
415 558 477 610 elati
498 575 545 626 spe
563 558 658 610 celeris
671 558 795 611 victoriae
814 566 841 610 et
859 557 977 609 hostium
997 557 1063 624 fuga

135 629 354 696 superiorumque
368 637 517 696 temporum
527 628 652 679 secundis
660 627 774 696 proeliis,
785 627 852 679 nihil
863 627 933 679 adeo
946 627 1063 679 arduum

135 697 185 750 sibi
201 698 400 767 existimabant,
413 697 483 766 quod
502 713 553 749 non
566 697 662 749 virtute
681 697 808 765 consequi
827 705 953 766 possent;
971 711 1063 764 neque

134 767 207 837 prius
224 767 306 819 finem
327 766 456 835 sequendi
473 766 601 835 fecerunt,
620 784 701 835 quam
720 783 795 819 muro
814 766 905 845 oppidi
923 767 1063 834 portisque

135 852 151 888 a
172 836 384 905 propinquarent.
420 836 489 887 Tum
503 852 565 887 vero
584 852 618 888 ex
635 834 760 888 omnibus
776 835 850 888 urbis
868 835 991 904 partibus
1006 845 1064 886 orte

136 854 261 974 clamore,
286 906 330 974 qui
355 904 458 972 longius
480 904 599 978 aberant,
614 905 752 973 repentino
775 904 892 958 tumultu
919 904 1062 974 perterriti,
1106 964 1109 970 .

135 991 219 1043 quum
233 975 337 1027 hostem
355 975 422 1026 intra
439 983 528 1042 portas
545 991 606 1026 esse
624 974 816 1042 existimarent,
830 991 890 1026 sese
909 991 945 1026 ex
963 973 1063 1042 oppido

136 1043 281 1112 ejecerunt.
318 1044 421 1095 Matres
444 1043 563 1096 familiae
586 1043 621 1095 de
644 1060 720 1096 muro
740 1051 845 1096 vestem
864 1052 1063 1113 argentumque

135 1111 280 1182 jactabant,
300 1121 326 1164 et
344 1113 460 1181 pectoris
478 1113 541 1165 tine⁹
559 1113 746 1182 prominentes,
766 1113 852 1181 passis
869 1112 997 1166 manibus
1016 1113 1063 1165 ob·

136 1182 303 1234 testabantur
320 1182 459 1250 Romanos,
472 1192 500 1234 ut
519 1181 568 1233 sibi
586 1190 732 1250 parcerent,
746 1199 807 1249 neu,
821 1183 889 1234 sicut
902 1183 1012 1235 Avarici
1025 1182 1038 1235 f
1054 1210 1064 1222 ·

136 1251 242 1318 cissent,
262 1269 296 1302 ne
315 1251 472 1303 mulieribus
490 1251 600 1319 quidem
621 1260 702 1319 atque
723 1250 867 1305 infantibus
886 1253 1062 1305 abstinerent.

136 1319 287 1372 Nonnullae
300 1319 333 1371 de
346 1320 429 1372 muris
444 1337 492 1388 per
503 1337 600 1372 manus
611 1321 746 1374 demissae
759 1338 818 1373 sese
830 1321 965 1374 militibus
976 1321 1064 1374 trade·

136 1388 210 1441 bant.
247 1390 276 1441 L.
290 1389 396 1455 Fabius,
410 1390 527 1440 centurio
546 1389 658 1458 legionis
676 1407 843 1458 v111.,quem
861 1392 931 1442 inter
949 1408 1013 1442 suos
1032 1407 1064 1443 eo

137 1458 181 1509 die
194 1458 294 1511 dixisse
312 1458 457 1527 constabat,
472 1459 581 1510 excitari
593 1476 623 1510 se
636 1460 845 1512 Avaricensibus
858 1461 1006 1530 praemiis,³
1017 1476 1064 1512 ne·

137 1543 190 1596 que
203 1528 418 1596 commissurum,
431 1536 459 1580 ut
472 1528 545 1596 prius
557 1529 698 1596 quisquam
710 1545 817 1581 murum
830 1529 999 1598 ascenderet,
1010 1538 1065 1582 tres

138 1613 200 1648 suos
218 1606 312 1649 nactus
330 1597 511 1666 manipulares
528 1607 608 1666 atque
620 1598 700 1650 abiis
718 1596 875 1650 sublevatus
892 1616 1002 1651 murum
1022 1617 1064 1651 as·

138 1665 237 1717 cendit.
275 1667 329 1719 Eos
341 1667 398 1735 ipse
408 1683 498 1718 rursus
510 1667 627 1734 singulos
636 1676 788 1736 exceptans,
799 1667 824 1719 in
837 1685 944 1720 murum
959 1669 1064 1722 extulit.

173 1739 216 1787 48.
235 1735 344 1788 Interim
363 1736 388 1805 ii,
401 1735 447 1804 qui
467 1735 500 1786 ad
520 1735 633 1789 alteram
645 1745 748 1805 partem
765 1736 862 1805 oppidi,
876 1745 904 1789 ut
924 1754 1006 1805 supra
1018 1738 1064 1791 de·

138 1805 352 1874 monstravimus,
366 1804 521 1856 munitionis
532 1822 614 1857 causa
629 1807 826 1875 convenerant,⁴
837 1806 922 1874 primo
936 1807 1064 1860 exaudito

138 1872 262 1942 clamore,
287 1873 349 1925 inde
373 1875 454 1926 etiam
484 1873 583 1926 crebris
611 1875 718 1929 nunciis
740 1873 849 1942 incitati,
875 1875 1004 1943 oppidum
1029 1877 1064 1931 ab

138 1942 264 1995 Romanis
276 1943 380 2012 teneri,¹
388 1943 541 2012 praemissis
553 1943 696 2013 equitibus,
706 1960 803 2010 magno
816 1961 946 1997 concursu
960 1962 992 1996 eo
1001 1963 1064 1999 con·

138 2011 289 2065 tenderunt.
326 2013 424 2065 Eorum
439 2013 593 2080 utquisque
606 2013 707 2082 primus
719 2023 834 2082 venerat,
849 2014 899 2066 sub
912 2031 988 2067 muro
1001 2032 1064 2067 con·

138 2080 250 2133 sistebat
263 2098 424 2150 suorumque
437 2083 614 2150 pugnantium
627 2099 768 2134 numerum
782 2083 905 2150 augebat.
943 2084 1063 2142 Quorum

138 2166 222 2218 quum
242 2168 340 2219 magna
360 2151 502 2203 multitudo
522 2151 697 2220 convenisset,
723 2158 822 2219 matres
842 2152 970 2222 familiae,
992 2170 1064 2222 quae

137 2219 228 2286 paullo
245 2229 307 2272 ante
326 2220 451 2272 Romanis
469 2220 503 2273 de
521 2237 597 2273 muro
616 2237 713 2273 manus
731 2221 875 2274 tendebant
893 2239 958 2275 suos
974 2222 1065 2276 obtes-

138 2289 197 2339 tari⁰
209 2296 235 2340 et
248 2306 321 2341 more
333 2289 435 2342 Gallico
447 2305 557 2358 passum
575 2289 703 2358 capillum
720 2297 852 2342 ostentare
869 2290 1023 2360 liberosque
1037 2293 1064 2346 in

138 2367 311 2426 conspectum
330 2359 445 2427 prolerre
464 2368 617 2427 coeperunt.
654 2359 717 2412 Erat
729 2359 854 2412 Romanis
872 2377 922 2412 nec
934 2361 993 2413 loco
1012 2380 1065 2415 neo

137 2442 249 2478 numero
269 2444 357 2496 aequa
377 2429 524 2481 contentio:
550 2428 628 2480 simul
648 2436 675 2480 et
695 2444 775 2480 eursu
793 2437 820 2480 et
839 2431 925 2498 spatio
946 2432 1065 2500 pugnae'

137 2494 275 2564 defatigati
287 2513 339 2548 non
351 2497 431 2550 facile
444 2505 565 2550 recentes
576 2505 657 2567 atque
670 2497 786 2565 integros
798 2498 975 2553 sustinebant.

166 2666 175 2694 ¹
187 2661 275 2712 Tamen
285 2663 342 2713 here
353 2665 429 2715 refers
440 2675 465 2715 to
476 2668 614 2728 squamosa,
625 2666 725 2726 implied
736 2667 761 2715 in
768 2667 810 2716 the
821 2667 926 2716 ablativo
938 2669 1053 2719 absolute

136 2738 185 2769 aon
197 2726 306 2772 exaudito
317 2742 382 2773 sono.

165 2793 291 2844 ’Pectoris
301 2798 367 2858 flua·
384 2798 437 2845 that
453 2798 483 2854 is,
493 2807 586 2860 pectore
595 2807 674 2856 tenus,
691 2804 737 2860 ‘up
748 2810 773 2848 to
785 2799 847 2848 their
856 2801 971 2849 breasts.’

165 2865 250 2936 'That
262 2868 291 2925 is,
306 2870 352 2930 ‘by
363 2869 404 2918 the
415 2870 521 2919 rewards
533 2869 613 2918 which
625 2871 717 2921 Caesar
727 2872 774 2922 had
784 2873 858 2934 giren
868 2881 894 2921 to
904 2872 943 2922 his
959 2873 1064 2924 soldiers

136 2933 161 2972 at
173 2924 323 2975 Avancum.’

165 3000 175 3028 ⁴
185 2998 232 3046 See
243 3000 284 3047 vii.
294 3003 332 3048 44.

165 3075 176 3104 ⁸
189 3073 307 3140 Oppidum
317 3078 406 3132 teneri,·
419 3075 467 3124 this
479 3075 616 3125 accusative
625 3076 686 3126 with
697 3077 738 3126 the
750 3077 867 3127 infinitivo
876 3077 987 3139 depende
997 3098 1065 3142 upon

140 3132 179 3181 lte
191 3133 321 3191 preceding
332 3135 397 3182 word
410 3138 514 3183 nnuma.

166 3204 278 3263 ‘Supply
292 3204 358 3252 ‘that
370 3206 429 3266 they
440 3208 518 3268 might
530 3207 590 3268 light
602 3209 702 3270 bravely
713 3209 807 3270 against
818 3209 860 3258 the
872 3211 1003 3262 Romans!

164 3275 268 3339 'Spatia
276 3293 380 3340 pugnae,
394 3281 440 3340 ‘by
449 3281 490 3328 the
501 3281 560 3341 long
567 3279 679 3330 duration
689 3298 716 3331 or
724 3283 883 3332 continuauca
892 3285 921 3334 of
928 3285 972 3338 the
983 3287 1065 3352 sight?
