<?xml version="1.0" encoding="UTF-8"?>
<!DOCTYPE html PUBLIC "-//W3C//DTD XHTML 1.0 Transitional//EN"
    "http://www.w3.org/TR/xhtml1/DTD/xhtml1-transitional.dtd">
<html xmlns="http://www.w3.org/1999/xhtml" xml:lang="en" lang="en">
 <head>
  <title>
</title>
<meta http-equiv="Content-Type" content="text/html;charset=utf-8" />
  <meta name='ocr-system' content='tesseract 3.04.00' />
  <meta name='ocr-capabilities' content='ocr_page ocr_carea ocr_par ocr_line ocrx_word'/>
</head>
<body>
  <div class='ocr_page' id='page_1' title='image "./commentariidebe00caesgoog_0095.png"; bbox 0 0 2250 3736; ppageno 0'>
   <div class='ocr_carea' id='block_1_1' title="bbox 41 104 60 135">
    <p class='ocr_par' dir='ltr' id='par_1_1' title="bbox 41 104 60 135">
     <span class='ocr_line' id='line_1_1' title="bbox 41 104 60 135; baseline 0 0"><span class='ocrx_word' id='word_1_1' title='bbox 41 104 60 135; x_wconf 73' lang='grc' dir='ltr'><strong><em>Ι</em></strong></span> 
     </span>
    </p>
   </div>
   <div class='ocr_carea' id='block_1_2' title="bbox 212 112 835 172">
    <p class='ocr_par' dir='ltr' id='par_1_2' title="bbox 212 112 835 172">
     <span class='ocr_line' id='line_1_2' title="bbox 212 112 835 172; baseline -0.005 0"><span class='ocrx_word' id='word_1_2' title='bbox 212 112 253 172; x_wconf 72' lang='lat'>‘36</span> <span class='ocrx_word' id='word_1_3' title='bbox 516 128 557 169; x_wconf 83' lang='lat' dir='ltr'>ua</span> <span class='ocrx_word' id='word_1_4' title='bbox 579 128 676 168; x_wconf 76' lang='lat' dir='ltr'>uacuo</span> <span class='ocrx_word' id='word_1_5' title='bbox 697 128 835 170; x_wconf 74' lang='lat' dir='ltr'>ascaron.</span> 
     </span>
    </p>
   </div>
   <div class='ocr_carea' id='block_1_3' title="bbox 212 230 1125 2533">
    <p class='ocr_par' dir='ltr' id='par_1_3' title="bbox 212 230 1125 1491">
     <span class='ocr_line' id='line_1_3' title="bbox 213 230 1125 306; baseline -0.005 -17"><span class='ocrx_word' id='word_1_6' title='bbox 213 256 296 290; x_wconf 70' lang='lat' dir='ltr'>&lt;rausa</span> <span class='ocrx_word' id='word_1_7' title='bbox 313 255 406 290; x_wconf 90' lang='lat' dir='ltr'>secum</span> <span class='ocrx_word' id='word_1_8' title='bbox 425 237 550 289; x_wconf 83' lang='lat' dir='ltr'>habebat.</span> <span class='ocrx_word' id='word_1_9' title='bbox 587 237 656 289; x_wconf 87' lang='lat' dir='ltr'>Huic</span> <span class='ocrx_word' id='word_1_10' title='bbox 677 238 782 304; x_wconf 81' lang='lat' dir='ltr'>magnis</span> <span class='ocrx_word' id='word_1_11' title='bbox 802 236 929 305; x_wconf 89' lang='lat' dir='ltr'>praemiis</span> <span class='ocrx_word' id='word_1_12' title='bbox 949 230 1125 306; x_wconf 78' lang='lat' dir='ltr'>pollicitati·</span> 
     </span>
     <span class='ocr_line' id='line_1_4' title="bbox 213 306 1095 376; baseline -0.002 -18"><span class='ocrx_word' id='word_1_13' title='bbox 213 306 318 375; x_wconf 86' lang='lat' dir='ltr'>busque</span> <span class='ocrx_word' id='word_1_14' title='bbox 336 307 487 375; x_wconf 77' lang='lat' dir='ltr'>persuadet,</span> <span class='ocrx_word' id='word_1_15' title='bbox 505 307 543 357; x_wconf 88' lang='lat' dir='ltr'>uti</span> <span class='ocrx_word' id='word_1_16' title='bbox 561 306 593 358; x_wconf 91' lang='lat' dir='ltr'>ad</span> <span class='ocrx_word' id='word_1_17' title='bbox 614 307 704 358; x_wconf 89' lang='lat' dir='ltr'>hostes</span> <span class='ocrx_word' id='word_1_18' title='bbox 725 316 849 373; x_wconf 83' lang='lat' dir='ltr'>transeat,</span> <span class='ocrx_word' id='word_1_19' title='bbox 869 306 975 376; x_wconf 89' lang='lat' dir='ltr'>etquid</span> <span class='ocrx_word' id='word_1_20' title='bbox 993 307 1047 359; x_wconf 89' lang='lat' dir='ltr'>fieri</span> <span class='ocrx_word' id='word_1_21' title='bbox 1070 319 1095 356; x_wconf 84' lang='lat' dir='ltr'>v</span> 
     </span>
     <span class='ocr_line' id='line_1_5' title="bbox 214 376 1125 444; baseline 0.002 -18"><span class='ocrx_word' id='word_1_22' title='bbox 214 376 317 428; x_wconf 79' lang='lat' dir='ltr'>edocet.</span> <span class='ocrx_word' id='word_1_23' title='bbox 354 378 405 434; x_wconf 79' lang='lat' dir='ltr'>Qui</span> <span class='ocrx_word' id='word_1_24' title='bbox 419 377 463 429; x_wconf 91' lang='lat' dir='ltr'>ubi</span> <span class='ocrx_word' id='word_1_25' title='bbox 478 394 522 444; x_wconf 91' lang='lat' dir='ltr'>pro</span> <span class='ocrx_word' id='word_1_26' title='bbox 541 377 651 444; x_wconf 73' lang='lat' dir='ltr'>perfuga</span> <span class='ocrx_word' id='word_1_27' title='bbox 670 376 702 427; x_wconf 86' lang='lat' dir='ltr'>ad</span> <span class='ocrx_word' id='word_1_28' title='bbox 723 377 862 444; x_wconf 87' lang='lat' dir='ltr'>eosvenit,</span> <span class='ocrx_word' id='word_1_29' title='bbox 876 378 1125 429; x_wconf 68' lang='lat' dir='ltr'>timoremlloma¹</span> 
     </span>
     <span class='ocr_line' id='line_1_6' title="bbox 213 447 1082 515; baseline -0.003 -18"><span class='ocrx_word' id='word_1_30' title='bbox 213 463 272 498; x_wconf 92' lang='lat' dir='ltr'>rum</span> <span class='ocrx_word' id='word_1_31' title='bbox 291 448 417 515; x_wconf 75' lang='lat' dir='ltr'>proponit,</span> <span class='ocrx_word' id='word_1_32' title='bbox 436 448 533 515; x_wconf 88' lang='lat' dir='ltr'>quibus</span> <span class='ocrx_word' id='word_1_33' title='bbox 548 447 679 513; x_wconf 80' lang='lat' dir='ltr'>angustiis</span> <span class='ocrx_word' id='word_1_34' title='bbox 697 447 753 514; x_wconf 88' lang='lat' dir='ltr'>ipse</span> <span class='ocrx_word' id='word_1_35' title='bbox 771 447 868 498; x_wconf 84' lang='lat' dir='ltr'>Caesar</span> <span class='ocrx_word' id='word_1_36' title='bbox 880 464 896 496; x_wconf 88' lang='lat' dir='ltr'>a</span> <span class='ocrx_word' id='word_1_37' title='bbox 909 448 1019 498; x_wconf 85' lang='lat' dir='ltr'>Venetis</span> <span class='ocrx_word' id='word_1_38' title='bbox 1036 461 1082 514; x_wconf 91' lang='lat' dir='ltr'>pre</span> 
     </span>
     <span class='ocr_line' id='line_1_7' title="bbox 215 513 1120 585; baseline -0.003 -19"><span class='ocrx_word' id='word_1_39' title='bbox 215 524 262 583; x_wconf 91' lang='lat' dir='ltr'>tur,</span> <span class='ocrx_word' id='word_1_40' title='bbox 276 515 362 585; x_wconf 88' lang='lat' dir='ltr'>docet,</span> <span class='ocrx_word' id='word_1_41' title='bbox 377 534 464 584; x_wconf 90' lang='lat' dir='ltr'>neque</span> <span class='ocrx_word' id='word_1_42' title='bbox 479 516 589 582; x_wconf 79' lang='lat' dir='ltr'>longios¹</span> <span class='ocrx_word' id='word_1_43' title='bbox 602 515 706 583; x_wconf 78' lang='lat' dir='ltr'>abesse,</span> <span class='ocrx_word' id='word_1_44' title='bbox 721 517 783 585; x_wconf 90' lang='lat' dir='ltr'>quin</span> <span class='ocrx_word' id='word_1_45' title='bbox 798 517 918 584; x_wconf 78' lang='lat' dir='ltr'>proxima</span> <span class='ocrx_word' id='word_1_46' title='bbox 937 525 1014 568; x_wconf 87' lang='lat' dir='ltr'>nocte</span> <span class='ocrx_word' id='word_1_47' title='bbox 1027 513 1120 568; x_wconf 78' lang='lat' dir='ltr'>Sabin</span> 
     </span>
     <span class='ocr_line' id='line_1_8' title="bbox 213 583 1085 638; baseline -0.003 -2"><span class='ocrx_word' id='word_1_48' title='bbox 213 586 285 637; x_wconf 89' lang='lat' dir='ltr'>clam</span> <span class='ocrx_word' id='word_1_49' title='bbox 303 604 335 638; x_wconf 85' lang='lat' dir='ltr'>ex</span> <span class='ocrx_word' id='word_1_50' title='bbox 354 589 447 638; x_wconf 86' lang='lat' dir='ltr'>castris</span> <span class='ocrx_word' id='word_1_51' title='bbox 465 587 613 638; x_wconf 81' lang='lat' dir='ltr'>exercitum</span> <span class='ocrx_word' id='word_1_52' title='bbox 628 586 723 637; x_wconf 90' lang='lat' dir='ltr'>educat</span> <span class='ocrx_word' id='word_1_53' title='bbox 743 595 769 637; x_wconf 87' lang='lat' dir='ltr'>et</span> <span class='ocrx_word' id='word_1_54' title='bbox 786 586 820 636; x_wconf 92' lang='lat' dir='ltr'>ad</span> <span class='ocrx_word' id='word_1_55' title='bbox 837 586 980 637; x_wconf 82' lang='lat' dir='ltr'>Caesarem</span> <span class='ocrx_word' id='word_1_56' title='bbox 998 583 1085 638; x_wconf 81' lang='lat' dir='ltr'>auxilii</span> 
     </span>
     <span class='ocr_line' id='line_1_9' title="bbox 214 655 1121 724; baseline -0.003 -17"><span class='ocrx_word' id='word_1_57' title='bbox 214 656 288 707; x_wconf 88' lang='lat' dir='ltr'>rendi</span> <span class='ocrx_word' id='word_1_58' title='bbox 301 674 384 707; x_wconf 89' lang='lat' dir='ltr'>causa</span> <span class='ocrx_word' id='word_1_59' title='bbox 396 656 585 724; x_wconf 79' lang='lat' dir='ltr'>proficiscatur.</span> <span class='ocrx_word' id='word_1_60' title='bbox 622 655 698 712; x_wconf 80' lang='lat' dir='ltr'>Quod</span> <span class='ocrx_word' id='word_1_61' title='bbox 713 655 756 707; x_wconf 89' lang='lat' dir='ltr'>ubi</span> <span class='ocrx_word' id='word_1_62' title='bbox 776 655 898 707; x_wconf 91' lang='lat' dir='ltr'>auditum</span> <span class='ocrx_word' id='word_1_63' title='bbox 912 665 960 724; x_wconf 88' lang='lat' dir='ltr'>est,</span> <span class='ocrx_word' id='word_1_64' title='bbox 974 655 1121 707; x_wconf 64' lang='lat' dir='ltr'>canolam?¹</span> 
     </span>
     <span class='ocr_line' id='line_1_10' title="bbox 214 724 1116 792; baseline -0.003 -16"><span class='ocrx_word' id='word_1_65' title='bbox 214 739 308 778; x_wconf 90' lang='lat' dir='ltr'>omnes</span> <span class='ocrx_word' id='word_1_66' title='bbox 321 727 489 777; x_wconf 79' lang='lat' dir='ltr'>occasionem</span> <span class='ocrx_word' id='word_1_67' title='bbox 503 725 599 792; x_wconf 82' lang='lat' dir='ltr'>negotii</span> <span class='ocrx_word' id='word_1_68' title='bbox 609 724 678 776; x_wconf 88' lang='lat' dir='ltr'>bene</span> <span class='ocrx_word' id='word_1_69' title='bbox 691 725 801 792; x_wconf 84' lang='lat' dir='ltr'>gerendi</span> <span class='ocrx_word' id='word_1_70' title='bbox 814 725 991 777; x_wconf 88' lang='lat' dir='ltr'>amittendam</span> <span class='ocrx_word' id='word_1_71' title='bbox 1002 743 1048 776; x_wconf 89' lang='lat' dir='ltr'>non</span> <span class='ocrx_word' id='word_1_72' title='bbox 1060 727 1116 773; x_wconf 62' lang='lat' dir='ltr'>ess</span> 
     </span>
     <span class='ocr_line' id='line_1_11' title="bbox 214 777 1123 864; baseline -0.003 -19"><span class='ocrx_word' id='word_1_73' title='bbox 214 795 248 846; x_wconf 90' lang='lat' dir='ltr'>ad</span> <span class='ocrx_word' id='word_1_74' title='bbox 267 805 353 847; x_wconf 88' lang='lat' dir='ltr'>castra</span> <span class='ocrx_word' id='word_1_75' title='bbox 370 796 399 847; x_wconf 91' lang='lat' dir='ltr'>iri</span> <span class='ocrx_word' id='word_1_76' title='bbox 416 805 545 863; x_wconf 76' lang='lat' dir='ltr'>oportere.</span> <span class='ocrx_word' id='word_1_77' title='bbox 582 794 686 864; x_wconf 88' lang='lat' dir='ltr'>Multae</span> <span class='ocrx_word' id='word_1_78' title='bbox 705 812 746 845; x_wconf 84' lang='lat' dir='ltr'>res</span> <span class='ocrx_word' id='word_1_79' title='bbox 766 795 798 846; x_wconf 90' lang='lat' dir='ltr'>ad</span> <span class='ocrx_word' id='word_1_80' title='bbox 819 795 869 846; x_wconf 89' lang='lat' dir='ltr'>hoc</span> <span class='ocrx_word' id='word_1_81' title='bbox 890 795 1030 847; x_wconf 88' lang='lat' dir='ltr'>consilium</span> <span class='ocrx_word' id='word_1_82' title='bbox 1048 777 1123 845; x_wconf 83' lang='lat' dir='ltr'>Gall</span> 
     </span>
     <span class='ocr_line' id='line_1_12' title="bbox 213 861 1080 933; baseline -0.005 -17"><span class='ocrx_word' id='word_1_83' title='bbox 213 864 398 917; x_wconf 88' lang='lat' dir='ltr'>hortabantur:</span> <span class='ocrx_word' id='word_1_84' title='bbox 428 865 591 933; x_wconf 81' lang='lat' dir='ltr'>superiorem</span> <span class='ocrx_word' id='word_1_85' title='bbox 613 864 716 916; x_wconf 90' lang='lat' dir='ltr'>dierum</span> <span class='ocrx_word' id='word_1_86' title='bbox 739 864 828 916; x_wconf 87' lang='lat' dir='ltr'>Sabini</span> <span class='ocrx_word' id='word_1_87' title='bbox 850 866 992 931; x_wconf 91' lang='lat' dir='ltr'>cunctatio,</span> <span class='ocrx_word' id='word_1_88' title='bbox 1014 861 1080 933; x_wconf 80' lang='lat' dir='ltr'>perso</span> 
     </span>
     <span class='ocr_line' id='line_1_13' title="bbox 213 933 1125 1004; baseline -0.005 -18"><span class='ocrx_word' id='word_1_89' title='bbox 213 935 385 1004; x_wconf 84' lang='lat' dir='ltr'>confirmatio,</span> <span class='ocrx_word' id='word_1_90' title='bbox 405 937 492 1003; x_wconf 90' lang='lat' dir='ltr'>inopia</span> <span class='ocrx_word' id='word_1_91' title='bbox 517 933 684 1001; x_wconf 84' lang='lat' dir='ltr'>cibariorum,</span> <span class='ocrx_word' id='word_1_92' title='bbox 702 934 746 985; x_wconf 92' lang='lat' dir='ltr'>cui</span> <span class='ocrx_word' id='word_1_93' title='bbox 770 935 809 985; x_wconf 91' lang='lat' dir='ltr'>rei&#39;</span> <span class='ocrx_word' id='word_1_94' title='bbox 828 951 924 1001; x_wconf 91' lang='lat' dir='ltr'>parum</span> <span class='ocrx_word' id='word_1_95' title='bbox 944 935 1079 1001; x_wconf 76' lang='lat' dir='ltr'>diligenter</span> <span class='ocrx_word' id='word_1_96' title='bbox 1121 944 1125 947; x_wconf 81' lang='grc'>’</span> 
     </span>
     <span class='ocr_line' id='line_1_14' title="bbox 213 1002 1091 1072; baseline -0.003 -16"><span class='ocrx_word' id='word_1_97' title='bbox 213 1005 257 1056; x_wconf 91' lang='lat' dir='ltr'>his</span> <span class='ocrx_word' id='word_1_98' title='bbox 278 1014 333 1056; x_wconf 87' lang='lat' dir='ltr'>erat</span> <span class='ocrx_word' id='word_1_99' title='bbox 354 1006 496 1072; x_wconf 88' lang='lat' dir='ltr'>provisum,</span> <span class='ocrx_word' id='word_1_100' title='bbox 515 1021 577 1071; x_wconf 90' lang='lat' dir='ltr'>spes</span> <span class='ocrx_word' id='word_1_101' title='bbox 589 1005 710 1055; x_wconf 80' lang='lat' dir='ltr'>Venetici</span> <span class='ocrx_word' id='word_1_102' title='bbox 731 1002 802 1069; x_wconf 90' lang='lat' dir='ltr'>belli,</span> <span class='ocrx_word' id='word_1_103' title='bbox 817 1013 844 1054; x_wconf 90' lang='lat' dir='ltr'>et</span> <span class='ocrx_word' id='word_1_104' title='bbox 860 1003 930 1072; x_wconf 88' lang='lat' dir='ltr'>quod</span> <span class='ocrx_word' id='word_1_105' title='bbox 952 1003 1008 1055; x_wconf 83' lang='lat' dir='ltr'>lere</span> <span class='ocrx_word' id='word_1_106' title='bbox 1028 1002 1091 1055; x_wconf 87' lang='lat' dir='ltr'>lihen</span> 
     </span>
     <span class='ocr_line' id='line_1_15' title="bbox 213 1072 1113 1142; baseline -0.006 -16"><span class='ocrx_word' id='word_1_107' title='bbox 213 1074 337 1126; x_wconf 88' lang='lat' dir='ltr'>homines</span> <span class='ocrx_word' id='word_1_108' title='bbox 358 1074 393 1142; x_wconf 90' lang='lat' dir='ltr'>id,</span> <span class='ocrx_word' id='word_1_109' title='bbox 415 1074 486 1142; x_wconf 92' lang='lat' dir='ltr'>quod</span> <span class='ocrx_word' id='word_1_110' title='bbox 508 1073 606 1141; x_wconf 88' lang='lat' dir='ltr'>volunt,</span> <span class='ocrx_word' id='word_1_111' title='bbox 627 1073 748 1125; x_wconf 88' lang='lat' dir='ltr'>credunt.</span> <span class='ocrx_word' id='word_1_112' title='bbox 785 1073 833 1124; x_wconf 85' lang='lat' dir='ltr'>His</span> <span class='ocrx_word' id='word_1_113' title='bbox 857 1073 936 1125; x_wconf 89' lang='lat' dir='ltr'>rebus</span> <span class='ocrx_word' id='word_1_114' title='bbox 960 1072 1065 1126; x_wconf 89' lang='lat' dir='ltr'>adducti</span> <span class='ocrx_word' id='word_1_115' title='bbox 1083 1086 1113 1121; x_wconf 77' lang='lat'>11</span> 
     </span>
     <span class='ocr_line' id='line_1_16' title="bbox 212 1142 1125 1213; baseline -0.003 -19"><span class='ocrx_word' id='word_1_116' title='bbox 212 1145 286 1213; x_wconf 90' lang='lat' dir='ltr'>prius</span> <span class='ocrx_word' id='word_1_117' title='bbox 302 1143 482 1196; x_wconf 78' lang='lat' dir='ltr'>Viridovicem</span> <span class='ocrx_word' id='word_1_118' title='bbox 503 1142 672 1211; x_wconf 88' lang='lat' dir='ltr'>reliquosque</span> <span class='ocrx_word' id='word_1_119' title='bbox 696 1143 781 1194; x_wconf 88' lang='lat' dir='ltr'>duces</span> <span class='ocrx_word' id='word_1_120' title='bbox 801 1161 834 1194; x_wconf 86' lang='lat' dir='ltr'>ex</span> <span class='ocrx_word' id='word_1_121' title='bbox 859 1143 971 1195; x_wconf 89' lang='lat' dir='ltr'>concilio</span> <span class='ocrx_word' id='word_1_122' title='bbox 994 1142 1095 1194; x_wconf 87' lang='lat' dir='ltr'>dimitto</span> <span class='ocrx_word' id='word_1_123' title='bbox 1124 1164 1125 1168; x_wconf 43' lang='lat'>¹</span> 
     </span>
     <span class='ocr_line' id='line_1_17' title="bbox 214 1212 1125 1282; baseline -0.005 -17"><span class='ocrx_word' id='word_1_124' title='bbox 214 1231 294 1282; x_wconf 90' lang='lat' dir='ltr'>quam</span> <span class='ocrx_word' id='word_1_125' title='bbox 320 1212 356 1264; x_wconf 90' lang='lat' dir='ltr'>ab</span> <span class='ocrx_word' id='word_1_126' title='bbox 377 1212 419 1263; x_wconf 92' lang='lat' dir='ltr'>his</span> <span class='ocrx_word' id='word_1_127' title='bbox 440 1213 472 1263; x_wconf 90' lang='lat' dir='ltr'>sit</span> <span class='ocrx_word' id='word_1_128' title='bbox 493 1229 659 1282; x_wconf 88' lang='lat' dir='ltr'>concessum,</span> <span class='ocrx_word' id='word_1_129' title='bbox 678 1230 754 1264; x_wconf 88' lang='lat' dir='ltr'>arma</span> <span class='ocrx_word' id='word_1_130' title='bbox 774 1212 811 1264; x_wconf 89' lang='lat' dir='ltr'>uti</span> <span class='ocrx_word' id='word_1_131' title='bbox 832 1212 937 1281; x_wconf 88' lang='lat' dir='ltr'>capiant</span> <span class='ocrx_word' id='word_1_132' title='bbox 956 1224 982 1264; x_wconf 90' lang='lat' dir='ltr'>et</span> <span class='ocrx_word' id='word_1_133' title='bbox 1002 1212 1034 1263; x_wconf 92' lang='lat' dir='ltr'>ad</span> <span class='ocrx_word' id='word_1_134' title='bbox 1054 1227 1095 1262; x_wconf 86' lang='lat' dir='ltr'>cas</span> <span class='ocrx_word' id='word_1_135' title='bbox 1124 1235 1125 1238; x_wconf 38' lang='lat'>¹</span> 
     </span>
     <span class='ocr_line' id='line_1_18' title="bbox 213 1281 1093 1350; baseline -0.003 -15"><span class='ocrx_word' id='word_1_136' title='bbox 213 1283 384 1334; x_wconf 88' lang='lat' dir='ltr'>contendant.</span> <span class='ocrx_word' id='word_1_137' title='bbox 420 1281 519 1339; x_wconf 85' lang='lat' dir='ltr'>Quare</span> <span class='ocrx_word' id='word_1_138' title='bbox 533 1299 661 1333; x_wconf 87' lang='lat' dir='ltr'>concessa</span> <span class='ocrx_word' id='word_1_139' title='bbox 679 1281 743 1333; x_wconf 88' lang='lat' dir='ltr'>laeti</span> <span class='ocrx_word' id='word_1_140' title='bbox 761 1291 789 1334; x_wconf 90' lang='lat' dir='ltr'>ut</span> <span class='ocrx_word' id='word_1_141' title='bbox 808 1283 944 1350; x_wconf 85' lang='lat' dir='ltr'>explorata</span> <span class='ocrx_word' id='word_1_142' title='bbox 958 1283 1093 1333; x_wconf 49' lang='lat' dir='ltr'>victoria-</span> 
     </span>
     <span class='ocr_line' id='line_1_19' title="bbox 212 1351 1096 1422; baseline -0.005 -18"><span class='ocrx_word' id='word_1_143' title='bbox 212 1354 314 1405; x_wconf 89' lang='lat' dir='ltr'>mentis</span> <span class='ocrx_word' id='word_1_144' title='bbox 326 1351 501 1419; x_wconf 80' lang='lat' dir='ltr'>virgultisque</span> <span class='ocrx_word' id='word_1_145' title='bbox 520 1351 647 1422; x_wconf 87' lang='lat' dir='ltr'>collectis,</span> <span class='ocrx_word' id='word_1_146' title='bbox 661 1351 760 1420; x_wconf 90' lang='lat' dir='ltr'>quibus</span> <span class='ocrx_word' id='word_1_147' title='bbox 778 1352 863 1403; x_wconf 82' lang='lat' dir='ltr'>fossas</span> <span class='ocrx_word' id='word_1_148' title='bbox 874 1353 1050 1404; x_wconf 88' lang='lat' dir='ltr'>Romanorum</span> <span class='ocrx_word' id='word_1_149' title='bbox 1068 1366 1096 1401; x_wconf 89' lang='lat' dir='ltr'>co</span> 
     </span>
     <span class='ocr_line' id='line_1_20' title="bbox 213 1421 591 1491; baseline 0 -19"><span class='ocrx_word' id='word_1_150' title='bbox 213 1422 311 1491; x_wconf 88' lang='lat' dir='ltr'>pleant,</span> <span class='ocrx_word' id='word_1_151' title='bbox 325 1421 358 1472; x_wconf 88' lang='lat' dir='ltr'>ad</span> <span class='ocrx_word' id='word_1_152' title='bbox 373 1431 458 1472; x_wconf 86' lang='lat' dir='ltr'>castra</span> <span class='ocrx_word' id='word_1_153' title='bbox 471 1429 591 1489; x_wconf 85' lang='lat' dir='ltr'>pergunt.</span> 
     </span>
    </p>

    <p class='ocr_par' dir='ltr' id='par_1_4' title="bbox 212 1489 1125 2533">
     <span class='ocr_line' id='line_1_21' title="bbox 251 1489 1125 1558; baseline -0.005 -14"><span class='ocrx_word' id='word_1_154' title='bbox 251 1497 290 1544; x_wconf 89' lang='lat'>19.</span> <span class='ocrx_word' id='word_1_155' title='bbox 311 1493 398 1543; x_wconf 92' lang='lat' dir='ltr'>Locus</span> <span class='ocrx_word' id='word_1_156' title='bbox 415 1501 471 1542; x_wconf 89' lang='lat' dir='ltr'>erat</span> <span class='ocrx_word' id='word_1_157' title='bbox 491 1500 636 1543; x_wconf 80' lang='lat' dir='ltr'>castrorum</span> <span class='ocrx_word' id='word_1_158' title='bbox 656 1489 744 1542; x_wconf 89' lang='lat' dir='ltr'>editus</span> <span class='ocrx_word' id='word_1_159' title='bbox 762 1499 788 1542; x_wconf 87' lang='lat' dir='ltr'>et</span> <span class='ocrx_word' id='word_1_160' title='bbox 807 1489 868 1558; x_wconf 92' lang='lat' dir='ltr'>paul</span> <span class='ocrx_word' id='word_1_161' title='bbox 877 1491 936 1542; x_wconf 72' lang='lat' dir='ltr'>vim</span> <span class='ocrx_word' id='word_1_162' title='bbox 950 1490 984 1543; x_wconf 88' lang='lat' dir='ltr'>ab</span> <span class='ocrx_word' id='word_1_163' title='bbox 999 1490 1050 1544; x_wconf 91' lang='lat' dir='ltr'>imo</span> <span class='ocrx_word' id='word_1_164' title='bbox 1062 1505 1125 1540; x_wconf 68' lang='lat' dir='ltr'>ac*</span> 
     </span>
     <span class='ocr_line' id='line_1_22' title="bbox 214 1559 1097 1630; baseline -0.003 -16"><span class='ocrx_word' id='word_1_165' title='bbox 214 1562 262 1630; x_wconf 87' lang='lat' dir='ltr'>vis,</span> <span class='ocrx_word' id='word_1_166' title='bbox 282 1562 386 1613; x_wconf 85' lang='lat' dir='ltr'>circiter</span> <span class='ocrx_word' id='word_1_167' title='bbox 405 1578 500 1629; x_wconf 82' lang='lat' dir='ltr'>passus</span> <span class='ocrx_word' id='word_1_168' title='bbox 517 1560 601 1613; x_wconf 91' lang='lat' dir='ltr'>mille.</span> <span class='ocrx_word' id='word_1_169' title='bbox 638 1560 697 1612; x_wconf 91' lang='lat' dir='ltr'>Huc</span> <span class='ocrx_word' id='word_1_170' title='bbox 715 1577 813 1627; x_wconf 81' lang='lat' dir='ltr'>magno</span> <span class='ocrx_word' id='word_1_171' title='bbox 837 1577 916 1616; x_wconf 68' lang='lat' dir='ltr'>cun-u</span> <span class='ocrx_word' id='word_1_172' title='bbox 941 1559 1097 1611; x_wconf 86' lang='lat' dir='ltr'>contendero</span> 
     </span>
     <span class='ocr_line' id='line_1_23' title="bbox 212 1629 1079 1700; baseline -0.005 -17"><span class='ocrx_word' id='word_1_173' title='bbox 212 1645 335 1700; x_wconf 90' lang='lat' dir='ltr'>utquam</span> <span class='ocrx_word' id='word_1_174' title='bbox 349 1632 493 1683; x_wconf 89' lang='lat' dir='ltr'>minimum</span> <span class='ocrx_word' id='word_1_175' title='bbox 512 1629 588 1698; x_wconf 90' lang='lat' dir='ltr'>spatii</span> <span class='ocrx_word' id='word_1_176' title='bbox 608 1629 643 1681; x_wconf 90' lang='lat' dir='ltr'>ad</span> <span class='ocrx_word' id='word_1_177' title='bbox 662 1647 691 1680; x_wconf 91' lang='lat' dir='ltr'>se</span> <span class='ocrx_word' id='word_1_178' title='bbox 710 1629 874 1697; x_wconf 85' lang='lat' dir='ltr'>colligendos</span> <span class='ocrx_word' id='word_1_179' title='bbox 885 1630 1079 1697; x_wconf 88' lang='lat' dir='ltr'>armandosque</span> 
     </span>
     <span class='ocr_line' id='line_1_24' title="bbox 212 1696 1125 1768; baseline -0.004 -15"><span class='ocrx_word' id='word_1_180' title='bbox 212 1702 301 1754; x_wconf 87' lang='lat' dir='ltr'>manis</span> <span class='ocrx_word' id='word_1_181' title='bbox 313 1701 427 1766; x_wconf 88' lang='lat' dir='ltr'>daretur,</span> <span class='ocrx_word' id='word_1_182' title='bbox 442 1699 640 1767; x_wconf 82' lang='lat' dir='ltr'>exanimatique</span> <span class='ocrx_word' id='word_1_183' title='bbox 653 1708 840 1768; x_wconf 90' lang='lat' dir='ltr'>pervenerunt.</span> <span class='ocrx_word' id='word_1_184' title='bbox 877 1699 992 1752; x_wconf 85' lang='lat' dir='ltr'>Sabinus</span> <span class='ocrx_word' id='word_1_185' title='bbox 1010 1696 1097 1750; x_wconf 91' lang='lat' dir='ltr'>suosh</span> <span class='ocrx_word' id='word_1_186' title='bbox 1123 1723 1125 1726; x_wconf 45' lang='lat'><strong><em>⁴</em></strong></span> 
     </span>
     <span class='ocr_line' id='line_1_25' title="bbox 213 1768 1085 1838; baseline -0.005 -16"><span class='ocrx_word' id='word_1_187' title='bbox 213 1779 284 1822; x_wconf 90' lang='lat' dir='ltr'>tatus</span> <span class='ocrx_word' id='word_1_188' title='bbox 296 1770 466 1838; x_wconf 87' lang='lat' dir='ltr'>cupientibus</span> <span class='ocrx_word' id='word_1_189' title='bbox 484 1771 589 1836; x_wconf 82' lang='lat' dir='ltr'>signum</span> <span class='ocrx_word' id='word_1_190' title='bbox 605 1768 658 1820; x_wconf 89' lang='lat' dir='ltr'>dat.</span> <span class='ocrx_word' id='word_1_191' title='bbox 696 1769 835 1836; x_wconf 59' lang='lat' dir='ltr'>Impeditis</span> <span class='ocrx_word' id='word_1_192' title='bbox 848 1768 970 1821; x_wconf 85' lang='lat' dir='ltr'>hostibus</span> <span class='ocrx_word' id='word_1_193' title='bbox 982 1777 1085 1837; x_wconf 87' lang='lat' dir='ltr'>propter</span> 
     </span>
     <span class='ocr_line' id='line_1_26' title="bbox 213 1836 1099 1908; baseline -0.002 -18"><span class='ocrx_word' id='word_1_194' title='bbox 213 1856 283 1908; x_wconf 89' lang='lat' dir='ltr'>quae</span> <span class='ocrx_word' id='word_1_195' title='bbox 302 1840 432 1907; x_wconf 86' lang='lat' dir='ltr'>serebant,</span> <span class='ocrx_word' id='word_1_196' title='bbox 452 1857 532 1890; x_wconf 85' lang='lat' dir='ltr'>‹nrera</span> <span class='ocrx_word' id='word_1_197' title='bbox 551 1838 638 1890; x_wconf 90' lang='lat' dir='ltr'>subito</span> <span class='ocrx_word' id='word_1_198' title='bbox 662 1837 768 1890; x_wconf 88' lang='lat' dir='ltr'>duabus</span> <span class='ocrx_word' id='word_1_199' title='bbox 791 1839 872 1907; x_wconf 88' lang='lat' dir='ltr'>portis</span> <span class='ocrx_word' id='word_1_200' title='bbox 896 1839 1060 1907; x_wconf 82' lang='lat' dir='ltr'>eruptionem</span> <span class='ocrx_word' id='word_1_201' title='bbox 1084 1836 1099 1888; x_wconf 85' lang='lat' dir='ltr'>fi</span> 
     </span>
     <span class='ocr_line' id='line_1_27' title="bbox 212 1907 1089 1979; baseline -0.005 -18"><span class='ocrx_word' id='word_1_202' title='bbox 212 1907 297 1979; x_wconf 88' lang='lat' dir='ltr'>jubet.</span> <span class='ocrx_word' id='word_1_203' title='bbox 334 1909 448 1961; x_wconf 87' lang='lat' dir='ltr'>Factum</span> <span class='ocrx_word' id='word_1_204' title='bbox 467 1919 506 1960; x_wconf 91' lang='lat' dir='ltr'>est</span> <span class='ocrx_word' id='word_1_205' title='bbox 525 1909 718 1976; x_wconf 88' lang='lat' dir='ltr'>opportunitate</span> <span class='ocrx_word' id='word_1_206' title='bbox 738 1908 795 1974; x_wconf 88' lang='lat' dir='ltr'>loci,</span> <span class='ocrx_word' id='word_1_207' title='bbox 814 1907 930 1960; x_wconf 88' lang='lat' dir='ltr'>hostiurn</span> <span class='ocrx_word' id='word_1_208' title='bbox 952 1908 1089 1959; x_wconf 85' lang='lat' dir='ltr'>inscientia</span> 
     </span>
     <span class='ocr_line' id='line_1_28' title="bbox 212 1977 1098 2048; baseline -0.003 -18"><span class='ocrx_word' id='word_1_209' title='bbox 212 1978 411 2048; x_wconf 84' lang='lat' dir='ltr'>defatigatione,</span> <span class='ocrx_word' id='word_1_210' title='bbox 427 1979 521 2030; x_wconf 88' lang='lat' dir='ltr'>virtute</span> <span class='ocrx_word' id='word_1_211' title='bbox 540 1977 657 2030; x_wconf 87' lang='lat' dir='ltr'>militurn</span> <span class='ocrx_word' id='word_1_212' title='bbox 677 1986 703 2029; x_wconf 88' lang='lat' dir='ltr'>et</span> <span class='ocrx_word' id='word_1_213' title='bbox 722 1978 886 2045; x_wconf 88' lang='lat' dir='ltr'>superiorum</span> <span class='ocrx_word' id='word_1_214' title='bbox 901 1994 1050 2046; x_wconf 79' lang='lat' dir='ltr'>pugnarum</span> <span class='ocrx_word' id='word_1_215' title='bbox 1068 1986 1098 2028; x_wconf 82' lang='lat' dir='ltr'>ex</span> 
     </span>
     <span class='ocr_line' id='line_1_29' title="bbox 213 2047 1094 2116; baseline -0.003 -17"><span class='ocrx_word' id='word_1_216' title='bbox 213 2049 347 2116; x_wconf 86' lang='lat' dir='ltr'>citatione,</span> <span class='ocrx_word' id='word_1_217' title='bbox 362 2057 388 2099; x_wconf 90' lang='lat' dir='ltr'>ut</span> <span class='ocrx_word' id='word_1_218' title='bbox 408 2065 441 2100; x_wconf 89' lang='lat' dir='ltr'>ne</span> <span class='ocrx_word' id='word_1_219' title='bbox 458 2065 540 2113; x_wconf 64' lang='lat' dir='ltr'>turum</span> <span class='ocrx_word' id='word_1_220' title='bbox 560 2047 669 2116; x_wconf 91' lang='lat' dir='ltr'>quidem</span> <span class='ocrx_word' id='word_1_221' title='bbox 688 2055 836 2098; x_wconf 88' lang='lat' dir='ltr'>nostrorum</span> <span class='ocrx_word' id='word_1_222' title='bbox 853 2048 986 2116; x_wconf 87' lang='lat' dir='ltr'>impeturn</span> <span class='ocrx_word' id='word_1_223' title='bbox 1000 2047 1094 2098; x_wconf 83' lang='lat' dir='ltr'>ferrent</span> 
     </span>
     <span class='ocr_line' id='line_1_30' title="bbox 214 2116 1098 2186; baseline -0.005 -16"><span class='ocrx_word' id='word_1_224' title='bbox 214 2119 304 2170; x_wconf 88' lang='lat' dir='ltr'>statim</span> <span class='ocrx_word' id='word_1_225' title='bbox 318 2129 390 2186; x_wconf 83' lang='lat' dir='ltr'>terga</span> <span class='ocrx_word' id='word_1_226' title='bbox 404 2126 548 2169; x_wconf 84' lang='lat' dir='ltr'>verterent.</span> <span class='ocrx_word' id='word_1_227' title='bbox 584 2117 657 2174; x_wconf 77' lang='lat' dir='ltr'>Quos</span> <span class='ocrx_word' id='word_1_228' title='bbox 676 2116 820 2185; x_wconf 88' lang='lat' dir='ltr'>impeditos</span> <span class='ocrx_word' id='word_1_229' title='bbox 838 2117 949 2184; x_wconf 85' lang='lat' dir='ltr'>integris</span> <span class='ocrx_word' id='word_1_230' title='bbox 961 2117 1060 2169; x_wconf 87' lang='lat' dir='ltr'>viribus</span> <span class='ocrx_word' id='word_1_231' title='bbox 1071 2132 1098 2166; x_wconf 90' lang='lat' dir='ltr'>m</span> 
     </span>
     <span class='ocr_line' id='line_1_31' title="bbox 214 2185 1125 2254; baseline -0.003 -15"><span class='ocrx_word' id='word_1_232' title='bbox 214 2195 255 2239; x_wconf 88' lang='lat' dir='ltr'>tes</span> <span class='ocrx_word' id='word_1_233' title='bbox 273 2189 354 2240; x_wconf 84' lang='lat' dir='ltr'>nostri</span> <span class='ocrx_word' id='word_1_234' title='bbox 373 2188 510 2239; x_wconf 88' lang='lat' dir='ltr'>consecuti</span> <span class='ocrx_word' id='word_1_235' title='bbox 530 2203 657 2254; x_wconf 83' lang='lat' dir='ltr'>magnum</span> <span class='ocrx_word' id='word_1_236' title='bbox 685 2203 826 2238; x_wconf 88' lang='lat' dir='ltr'>numerum</span> <span class='ocrx_word' id='word_1_237' title='bbox 855 2203 946 2238; x_wconf 91' lang='lat' dir='ltr'>eorum</span> <span class='ocrx_word' id='word_1_238' title='bbox 973 2185 1077 2238; x_wconf 88' lang='lat' dir='ltr'>occider</span> <span class='ocrx_word' id='word_1_239' title='bbox 1113 2205 1125 2223; x_wconf 64' lang='grc' dir='ltr'><strong><em>ι</em></strong></span> 
     </span>
     <span class='ocr_line' id='line_1_32' title="bbox 213 2255 1086 2326; baseline -0.003 -18"><span class='ocrx_word' id='word_1_240' title='bbox 213 2257 329 2326; x_wconf 89' lang='lat' dir='ltr'>reliquos</span> <span class='ocrx_word' id='word_1_241' title='bbox 348 2258 453 2326; x_wconf 82' lang='lat' dir='ltr'>equites</span> <span class='ocrx_word' id='word_1_242' title='bbox 471 2256 617 2308; x_wconf 88' lang='lat' dir='ltr'>consectati</span> <span class='ocrx_word' id='word_1_243' title='bbox 638 2273 744 2324; x_wconf 89' lang='lat' dir='ltr'>paucos,</span> <span class='ocrx_word' id='word_1_244' title='bbox 759 2257 803 2324; x_wconf 93' lang='lat' dir='ltr'>qui</span> <span class='ocrx_word' id='word_1_245' title='bbox 816 2273 850 2308; x_wconf 82' lang='lat' dir='ltr'>ex</span> <span class='ocrx_word' id='word_1_246' title='bbox 863 2255 927 2320; x_wconf 73' lang='lat' dir='ltr'>fuga</span> <span class='ocrx_word' id='word_1_247' title='bbox 940 2263 1086 2321; x_wconf 87' lang='lat' dir='ltr'>evaserant,</span> 
     </span>
     <span class='ocr_line' id='line_1_33' title="bbox 213 2324 1092 2395; baseline -0.005 -16"><span class='ocrx_word' id='word_1_248' title='bbox 213 2326 345 2395; x_wconf 90' lang='lat' dir='ltr'>liquerunt</span> <span class='ocrx_word' id='word_1_249' title='bbox 392 2327 434 2379; x_wconf 86' lang='lat' dir='ltr'>Sic</span> <span class='ocrx_word' id='word_1_250' title='bbox 447 2344 499 2377; x_wconf 89' lang='lat' dir='ltr'>nno</span> <span class='ocrx_word' id='word_1_251' title='bbox 514 2335 632 2393; x_wconf 88' lang='lat' dir='ltr'>tempore</span> <span class='ocrx_word' id='word_1_252' title='bbox 645 2335 672 2376; x_wconf 88' lang='lat' dir='ltr'>et</span> <span class='ocrx_word' id='word_1_253' title='bbox 685 2325 718 2377; x_wconf 90' lang='lat' dir='ltr'>de</span> <span class='ocrx_word' id='word_1_254' title='bbox 738 2324 825 2376; x_wconf 88' lang='lat' dir='ltr'>navali</span> <span class='ocrx_word' id='word_1_255' title='bbox 840 2343 929 2392; x_wconf 80' lang='lat' dir='ltr'>pugna</span> <span class='ocrx_word' id='word_1_256' title='bbox 942 2324 1055 2376; x_wconf 81' lang='lat' dir='ltr'>Sabinus</span> <span class='ocrx_word' id='word_1_257' title='bbox 1067 2331 1092 2374; x_wconf 87' lang='lat' dir='ltr'>et</span> 
     </span>
     <span class='ocr_line' id='line_1_34' title="bbox 213 2394 1092 2463; baseline -0.006 -15"><span class='ocrx_word' id='word_1_258' title='bbox 213 2396 305 2450; x_wconf 81' lang='lat' dir='ltr'>Sabini</span> <span class='ocrx_word' id='word_1_259' title='bbox 318 2395 435 2447; x_wconf 85' lang='lat' dir='ltr'>-victoria</span> <span class='ocrx_word' id='word_1_260' title='bbox 453 2397 551 2448; x_wconf 85' lang='lat' dir='ltr'>Caesar</span> <span class='ocrx_word' id='word_1_261' title='bbox 570 2394 665 2446; x_wconf 86' lang='lat' dir='ltr'>certior</span> <span class='ocrx_word' id='word_1_262' title='bbox 683 2395 778 2463; x_wconf 87' lang='lat' dir='ltr'>factus,</span> <span class='ocrx_word' id='word_1_263' title='bbox 798 2395 976 2463; x_wconf 82' lang='lat' dir='ltr'>civitatesque</span> <span class='ocrx_word' id='word_1_264' title='bbox 1001 2410 1092 2446; x_wconf 88' lang='lat' dir='ltr'>omnes</span> 
     </span>
     <span class='ocr_line' id='line_1_35' title="bbox 213 2462 1098 2533; baseline -0.005 -15"><span class='ocrx_word' id='word_1_265' title='bbox 213 2466 303 2518; x_wconf 86' lang='lat' dir='ltr'>statim</span> <span class='ocrx_word' id='word_1_266' title='bbox 317 2465 418 2518; x_wconf 90' lang='lat' dir='ltr'>Titurio</span> <span class='ocrx_word' id='word_1_267' title='bbox 432 2465 600 2516; x_wconf 88' lang='lat' dir='ltr'>dediderunt.</span> <span class='ocrx_word' id='word_1_268' title='bbox 636 2465 706 2516; x_wconf 92' lang='lat' dir='ltr'>Nam</span> <span class='ocrx_word' id='word_1_269' title='bbox 721 2473 749 2516; x_wconf 90' lang='lat' dir='ltr'>ut</span> <span class='ocrx_word' id='word_1_270' title='bbox 762 2464 795 2516; x_wconf 95' lang='lat' dir='ltr'>ad</span> <span class='ocrx_word' id='word_1_271' title='bbox 808 2464 881 2516; x_wconf 90' lang='lat' dir='ltr'>bella</span> <span class='ocrx_word' id='word_1_272' title='bbox 894 2462 1098 2533; x_wconf 88' lang='lat' dir='ltr'>suscipiendaG</span> 
     </span>
    </p>
   </div>
   <div class='ocr_carea' id='block_1_4' title="bbox 212 2531 1125 2672">
    <p class='ocr_par' dir='ltr' id='par_1_5' title="bbox 212 2531 1125 2672">
     <span class='ocr_line' id='line_1_36' title="bbox 212 2531 1125 2603; baseline -0.005 -15"><span class='ocrx_word' id='word_1_273' title='bbox 212 2535 298 2589; x_wconf 87' lang='lat' dir='ltr'>lotum</span> <span class='ocrx_word' id='word_1_274' title='bbox 317 2536 406 2586; x_wconf 87' lang='lat' dir='ltr'>alacer</span> <span class='ocrx_word' id='word_1_275' title='bbox 417 2551 449 2585; x_wconf 91' lang='lat' dir='ltr'>ac</span> <span class='ocrx_word' id='word_1_276' title='bbox 468 2546 605 2603; x_wconf 87' lang='lat' dir='ltr'>promptus</span> <span class='ocrx_word' id='word_1_277' title='bbox 623 2543 663 2585; x_wconf 89' lang='lat' dir='ltr'>est</span> <span class='ocrx_word' id='word_1_278' title='bbox 682 2534 808 2602; x_wconf 81' lang='lat' dir='ltr'>animus,³</span> <span class='ocrx_word' id='word_1_279' title='bbox 820 2532 859 2585; x_wconf 89' lang='lat' dir='ltr'>sic</span> <span class='ocrx_word' id='word_1_280' title='bbox 871 2533 962 2586; x_wconf 88' lang='lat' dir='ltr'>mollis</span> <span class='ocrx_word' id='word_1_281' title='bbox 979 2550 1011 2584; x_wconf 89' lang='lat' dir='ltr'>ac</span> <span class='ocrx_word' id='word_1_282' title='bbox 1029 2531 1092 2584; x_wconf 86' lang='lat' dir='ltr'>mini</span> <span class='ocrx_word' id='word_1_283' title='bbox 1122 2557 1125 2566; x_wconf 92' lang='lat'>·</span> 
     </span>
     <span class='ocr_line' id='line_1_37' title="bbox 213 2603 1013 2672; baseline -0.004 -14"><span class='ocrx_word' id='word_1_284' title='bbox 213 2607 339 2658; x_wconf 84' lang='lat' dir='ltr'>resistens</span> <span class='ocrx_word' id='word_1_285' title='bbox 351 2603 386 2656; x_wconf 93' lang='lat' dir='ltr'>ad</span> <span class='ocrx_word' id='word_1_286' title='bbox 399 2604 568 2655; x_wconf 88' lang='lat' dir='ltr'>calamitates</span> <span class='ocrx_word' id='word_1_287' title='bbox 580 2603 753 2672; x_wconf 82' lang='lat' dir='ltr'>perferendas</span> <span class='ocrx_word' id='word_1_288' title='bbox 765 2620 844 2654; x_wconf 89' lang='lat' dir='ltr'>mens</span> <span class='ocrx_word' id='word_1_289' title='bbox 856 2620 951 2655; x_wconf 89' lang='lat' dir='ltr'>eorum</span> <span class='ocrx_word' id='word_1_290' title='bbox 963 2611 1013 2655; x_wconf 89' lang='lat' dir='ltr'>est.</span> 
     </span>
    </p>
   </div>
   <div class='ocr_carea' id='block_1_5' title="bbox 1071 2748 1124 2762">
    <p class='ocr_par' dir='ltr' id='par_1_6' title="bbox 1071 2748 1124 2762">
     <span class='ocr_line' id='line_1_38' title="bbox 1071 2748 1124 2762; baseline -0.019 0"><span class='ocrx_word' id='word_1_291' title='bbox 1071 2748 1124 2762; x_wconf 53' lang='lat' dir='ltr'>⁸·ae</span> 
     </span>
    </p>
   </div>
   <div class='ocr_carea' id='block_1_6' title="bbox 213 2834 1117 2957">
    <p class='ocr_par' dir='ltr' id='par_1_7' title="bbox 213 2834 1117 2957">
     <span class='ocr_line' id='line_1_39' title="bbox 242 2834 1117 2901; baseline -0.005 -14"><span class='ocrx_word' id='word_1_292' title='bbox 242 2843 250 2870; x_wconf 89' lang='lat'>¹</span> <span class='ocrx_word' id='word_1_293' title='bbox 259 2839 369 2901; x_wconf 80' lang='lat' dir='ltr'>Longior</span> <span class='ocrx_word' id='word_1_294' title='bbox 373 2856 383 2896; x_wconf 86' lang='grc'>,·</span> <span class='ocrx_word' id='word_1_295' title='bbox 398 2839 505 2898; x_wconf 85' lang='lat' dir='ltr'>namely,</span> <span class='ocrx_word' id='word_1_296' title='bbox 515 2855 564 2886; x_wconf 81' lang='lat' dir='ltr'>aaa</span> <span class='ocrx_word' id='word_1_297' title='bbox 573 2847 647 2894; x_wconf 81' lang='lat' dir='ltr'>nocte,</span> <span class='ocrx_word' id='word_1_298' title='bbox 657 2854 683 2886; x_wconf 87' lang='lat' dir='ltr'>as</span> <span class='ocrx_word' id='word_1_299' title='bbox 693 2838 713 2885; x_wconf 91' lang='lat' dir='ltr'>is</span> <span class='ocrx_word' id='word_1_300' title='bbox 723 2837 821 2897; x_wconf 89' lang='lat' dir='ltr'>implied</span> <span class='ocrx_word' id='word_1_301' title='bbox 831 2838 855 2885; x_wconf 92' lang='lat' dir='ltr'>in</span> <span class='ocrx_word' id='word_1_302' title='bbox 865 2838 906 2886; x_wconf 89' lang='lat' dir='ltr'>the</span> <span class='ocrx_word' id='word_1_303' title='bbox 915 2837 1040 2897; x_wconf 82' lang='lat' dir='ltr'>following</span> <span class='ocrx_word' id='word_1_304' title='bbox 1048 2834 1117 2884; x_wconf 65' lang='lat' dir='ltr'>clart</span> 
     </span>
     <span class='ocr_line' id='line_1_40' title="bbox 213 2897 860 2957; baseline -0.006 -9"><span class='ocrx_word' id='word_1_305' title='bbox 213 2916 241 2948; x_wconf 87' lang='lat' dir='ltr'>so</span> <span class='ocrx_word' id='word_1_306' title='bbox 252 2899 305 2946; x_wconf 87' lang='lat' dir='ltr'>that</span> <span class='ocrx_word' id='word_1_307' title='bbox 317 2899 358 2948; x_wconf 87' lang='lat' dir='ltr'>the</span> <span class='ocrx_word' id='word_1_308' title='bbox 371 2899 533 2957; x_wconf 85' lang='lat' dir='ltr'>comparative</span> <span class='ocrx_word' id='word_1_309' title='bbox 546 2899 636 2945; x_wconf 84' lang='lat' dir='ltr'>retains</span> <span class='ocrx_word' id='word_1_310' title='bbox 647 2897 678 2945; x_wconf 87' lang='lat' dir='ltr'>its</span> <span class='ocrx_word' id='word_1_311' title='bbox 690 2913 776 2956; x_wconf 89' lang='lat' dir='ltr'>proper</span> <span class='ocrx_word' id='word_1_312' title='bbox 787 2898 860 2944; x_wconf 86' lang='lat' dir='ltr'>l&#39;orce.</span> 
     </span>
    </p>
   </div>
   <div class='ocr_carea' id='block_1_7' title="bbox 241 2981 1123 3044">
    <p class='ocr_par' dir='ltr' id='par_1_8' title="bbox 241 2981 1123 3044">
     <span class='ocr_line' id='line_1_41' title="bbox 241 2981 1123 3044; baseline -0.006 -12"><span class='ocrx_word' id='word_1_313' title='bbox 241 2984 326 3032; x_wconf 74' lang='lat' dir='ltr'>&#39;That</span> <span class='ocrx_word' id='word_1_314' title='bbox 339 2984 369 3040; x_wconf 88' lang='lat' dir='ltr'>is,</span> <span class='ocrx_word' id='word_1_315' title='bbox 382 2993 408 3033; x_wconf 83' lang='lat' dir='ltr'>ut</span> <span class='ocrx_word' id='word_1_316' title='bbox 419 2993 482 3032; x_wconf 84' lang='lat' dir='ltr'>certa</span> <span class='ocrx_word' id='word_1_317' title='bbox 493 2985 601 3040; x_wconf 67' lang='lat' dir='ltr'>catorio,</span> <span class='ocrx_word' id='word_1_318' title='bbox 617 2989 659 3032; x_wconf 87' lang='lat' dir='ltr'>‘as</span> <span class='ocrx_word' id='word_1_319' title='bbox 671 2983 764 3044; x_wconf 88' lang='lat' dir='ltr'>though</span> <span class='ocrx_word' id='word_1_320' title='bbox 775 2983 923 3044; x_wconf 18' lang='lat' dir='ltr'>theevictory</span> <span class='ocrx_word' id='word_1_321' title='bbox 934 2999 999 3032; x_wconf 87' lang='lat' dir='ltr'>were</span> <span class='ocrx_word' id='word_1_322' title='bbox 1011 2981 1123 3031; x_wconf 65' lang='lat' dir='ltr'>certant</span> 
     </span>
    </p>
   </div>
   <div class='ocr_carea' id='block_1_8' title="bbox 213 3069 1113 3190">
    <p class='ocr_par' dir='ltr' id='par_1_9' title="bbox 213 3069 1113 3190">
     <span class='ocr_line' id='line_1_42' title="bbox 241 3069 1113 3134; baseline -0.003 -13"><span class='ocrx_word' id='word_1_323' title='bbox 241 3073 364 3121; x_wconf 74' lang='lat' dir='ltr'>³Auimrrr</span> <span class='ocrx_word' id='word_1_324' title='bbox 375 3073 395 3119; x_wconf 90' lang='lat' dir='ltr'>is</span> <span class='ocrx_word' id='word_1_325' title='bbox 410 3072 546 3131; x_wconf 62' lang='lat' dir='ltr'>‘coniage&#39;</span> <span class='ocrx_word' id='word_1_326' title='bbox 560 3071 606 3119; x_wconf 85' lang='lat' dir='ltr'>and</span> <span class='ocrx_word' id='word_1_327' title='bbox 617 3089 681 3121; x_wconf 76' lang='lat' dir='ltr'>mene</span> <span class='ocrx_word' id='word_1_328' title='bbox 693 3072 792 3130; x_wconf 90' lang='lat' dir='ltr'>‘mind,&#39;</span> <span class='ocrx_word' id='word_1_329' title='bbox 803 3088 830 3120; x_wconf 92' lang='lat' dir='ltr'>or</span> <span class='ocrx_word' id='word_1_330' title='bbox 840 3073 882 3121; x_wconf 89' lang='lat' dir='ltr'>the</span> <span class='ocrx_word' id='word_1_331' title='bbox 895 3088 977 3133; x_wconf 86' lang='lat' dir='ltr'>power</span> <span class='ocrx_word' id='word_1_332' title='bbox 988 3071 1013 3120; x_wconf 91' lang='lat' dir='ltr'>in</span> <span class='ocrx_word' id='word_1_333' title='bbox 1023 3087 1052 3134; x_wconf 79' lang='lat' dir='ltr'>ns</span> <span class='ocrx_word' id='word_1_334' title='bbox 1060 3069 1113 3118; x_wconf 64' lang='lat' dir='ltr'>wia</span> 
     </span>
     <span class='ocr_line' id='line_1_43' title="bbox 213 3131 600 3190; baseline -0.01 -8"><span class='ocrx_word' id='word_1_335' title='bbox 213 3133 306 3188; x_wconf 78' lang='lat' dir='ltr'>thinks,</span> <span class='ocrx_word' id='word_1_336' title='bbox 320 3132 367 3179; x_wconf 86' lang='lat' dir='ltr'>and</span> <span class='ocrx_word' id='word_1_337' title='bbox 379 3131 465 3190; x_wconf 84' lang='lat' dir='ltr'>impels</span> <span class='ocrx_word' id='word_1_338' title='bbox 477 3147 505 3178; x_wconf 89' lang='lat' dir='ltr'>us</span> <span class='ocrx_word' id='word_1_339' title='bbox 517 3141 542 3178; x_wconf 89' lang='lat' dir='ltr'>to</span> <span class='ocrx_word' id='word_1_340' title='bbox 553 3141 600 3181; x_wconf 83' lang='lat' dir='ltr'>act.</span> 
     </span>
    </p>
   </div>
   <div class='ocr_carea' id='block_1_9' title="bbox 0 0 1131 3736">
    <p class='ocr_par' dir='ltr' id='par_1_10' title="bbox 0 0 1131 3736">
     <span class='ocr_line' id='line_1_44' title="bbox 0 0 1131 3736; baseline 0 0"><span class='ocrx_word' id='word_1_341' title='bbox 0 0 1131 3736; x_wconf 95' lang='lat' dir='ltr'> </span> 
     </span>
    </p>
   </div>
  </div>
 </body>
</html>
