2250 3736
479 117 571 159 arana
592 117 643 157 vn.
965 93 1022 156 180

90 229 199 282 llorum
217 244 279 281 esse
297 227 412 280 altemm
430 225 680 294 Convictolitanem,
693 224 835 278 florentem
848 230 875 275 et
889 222 1020 276 illustrem

91 298 316 366 adolescentem;
335 296 451 349 alterum
467 297 571 365 Cotum,
590 294 780 363 antiquissima
797 292 901 346 familia
919 300 1020 360 natum,

91 376 179 436 atque
192 369 281 436 ipsum
295 367 433 418 hominem
452 382 576 417 summae
595 365 730 434 potentiae
749 371 775 416 et
794 379 909 430 magnae
926 378 1022 429 cogna-

92 437 178 489 tionis
185 439 202 503 5ι
215 437 293 505 cujus
305 436 386 487 irater
399 435 554 487 Valetiacus
567 435 687 503 proximo
700 450 769 486 anno
782 433 910 485 eumdem
924 431 1022 498 magis·

94 515 199 559 tratum
221 506 347 574 gessep‘t:
368 505 505 558 civitatem
531 521 640 556 omnem
660 520 719 555 esse
744 504 770 554 in
794 504 883 568 armis,
904 501 1022 554 divisum

95 585 233 644 serratum,
247 576 363 627 divisum
376 575 512 644 populum,
527 591 590 626 suas
608 571 740 642 cujusque
759 588 853 624 eorum
872 571 1021 623 clientelas.

96 646 177 704 Quod
197 645 219 697 si
237 645 339 697 diutius
356 645 443 696 alatur
461 644 648 710 controversia,
663 641 727 711 fore,
741 642 780 695 uti
793 658 854 710 pars
866 658 927 693 curn
947 649 1022 709 parte

96 715 217 768 civitatis
235 715 361 782 confligat
370 730 378 783 5
397 714 423 766 id
442 731 476 766 ne
495 714 608 782 accidat,
627 712 744 782 positum
761 712 788 764 in
807 711 867 779 ejus
885 710 1024 778 diligentia

96 793 183 852 atque
196 784 361 836 auctoritate.

137 857 179 904 33.
198 854 302 922 Caesar,
316 853 367 905 etsi
379 870 396 904 a
408 851 479 905 bello
498 860 579 921 atque
598 851 675 903 hoste
694 849 833 903 discedere
852 848 1023 901 detrimento·

98 924 174 976 sum¹
191 941 251 975 esse
269 922 449 990 existimabat,
468 930 559 974 tamen
576 938 629 972 non
648 921 779 990 ignorans,
799 928 899 987 quanta
917 935 951 970 ex
970 917 1024 970 dis·

99 993 274 1046 sensionibus
297 993 467 1045 incommoda
487 992 547 1044 oriri
567 997 751 1057 consuessent,
771 1007 804 1041 ne
825 997 899 1041 tanta
920 997 947 1040 et
967 995 1024 1040 tam

100 1061 245 1130 conjuncta
258 1062 355 1132 populo
367 1063 486 1115 Romano
496 1061 598 1128 civitae,
609 1076 693 1129 quarn
705 1060 762 1128 ipse
775 1076 883 1127 semper
894 1057 1025 1126 aluisset,'

99 1131 281 1200 omnibusque
300 1132 380 1184 rebus
398 1139 525 1200 ornasset,
540 1129 575 1182 ad
591 1131 648 1182 vim
666 1137 747 1196 atque
765 1128 800 1180 ad
818 1145 894 1180 arma
912 1126 1024 1179 descen·

100 1201 188 1268 deret,
207 1212 287 1270 atque
308 1219 341 1253 ea
360 1218 428 1269 pars,
443 1217 513 1268 quae
533 1200 624 1251 minus
644 1198 695 1251 sibi
717 1198 871 1266 confideret,
890 1196 990 1249 auxilia
1009 1213 1025 1247 a

100 1270 320 1338 Vercingetorige
338 1279 494 1338 arcesseret,
509 1269 572 1321 huic
591 1269 628 1320 rei
647 1267 872 1337 praevertendum
890 1267 1026 1318 existima·

102 1340 159 1406 vit3
178 1349 204 1391 et
219 1340 289 1409 quod
308 1339 413 1408 legibus
424 1339 581 1392 Aeduorum
600 1338 650 1406 his,
664 1338 711 1406 qui
730 1354 867 1389 summum
887 1337 1026 1404 magistra·

104 1418 164 1461 turn
177 1409 334 1478 obtinerent,
349 1409 481 1461 excedere
501 1426 535 1461 ex
553 1408 653 1474 finibus
671 1424 722 1458 non
742 1406 843 1474 liceret,
857 1422 891 1458 ne
909 1407 972 1474 quid
991 1405 1026 1457 de

100 1478 163 1549 jure
186 1488 233 1531 aut
256 1479 291 1532 de
315 1478 420 1546 legibus
444 1496 538 1530 eorum
562 1476 730 1529 deminuisse
751 1475 894 1544 videretur,
918 1476 975 1544 ipse
999 1475 1027 1526 in

101 1547 214 1601 Aeduos
231 1549 363 1617 proticisci
383 1549 475 1600 statuit
494 1555 673 1614 senatumque
691 1562 809 1614 omnem,
829 1554 856 1597 et
874 1561 941 1612 quos
959 1545 1027 1596 inter

102 1619 284 1669 controversia
302 1626 382 1686 esset,
396 1617 431 1669 ad
450 1635 480 1669 se
498 1616 649 1669 Decetiam⁴
666 1616 797 1667 evocavit.
835 1614 925 1673 Quum
945 1630 1026 1683 prope

102 1687 193 1738 omnis
205 1687 300 1739 civitas
313 1703 345 1739 eo
358 1687 536 1754 convenisset,
550 1685 753 1753 docereturque,
767 1685 862 1753 paucis
880 1683 952 1736 clam
965 1701 1027 1735 con-

102 1756 215 1826 vocatis,
234 1757 286 1808 alio
306 1757 371 1823 loco,
391 1756 442 1808 alio
464 1764 592 1824 tempore,
612 1764 693 1823 atque
713 1754 864 1823 oportuerit,
884 1753 993 1806 fratrem
1011 1770 1029 1806 a

102 1824 187 1877 fratre
208 1827 414 1895 retrunciatum,⁶
434 1843 519 1895 quum
539 1825 615 1892 leges
635 1824 687 1876 duo
707 1841 740 1876 ex
762 1841 816 1876 una
836 1823 946 1892 familia,
968 1824 1029 1876 vivo

103 1903 226 1963 utroque,
241 1914 292 1948 non
311 1896 398 1948 solum
418 1897 591 1963 magistratus
607 1894 691 1946 creari
705 1902 832 1962 vetarent,
847 1893 894 1946 sed
908 1895 989 1946 etiam
1003 1894 1027 1944 in

104 1974 202 2017 senatu
217 1982 277 2016 esse
290 1964 461 2033 prohiberent
469 1981 477 2034 5
495 1964 591 2017 Cotum
611 1963 753 2032 imperium
772 1964 906 2032 deponere
925 1963 1012 2030 coegit
1021 1979 1029 2031 3

103 2034 353 2102 Conuictolitauem,
379 2035 426 2103 qui
451 2051 498 2103 per
521 2034 677 2085 sacerdotes
700 2049 774 2084 more
799 2032 924 2102 civitatis,
949 2034 1029 2085 inter·

102 2103 206 2156 missis⁸
218 2104 426 2172 magistratibus,
438 2111 510 2154 esset
519 2111 633 2166 creatus,
644 2110 804 2171 potestatem
814 2102 934 2154 obtinere
942 2101 1030 2171 jussit.

140 2176 182 2224 34.
201 2172 258 2224 Hoc
277 2174 386 2225 decreto
405 2172 570 2241 interposito,
584 2171 737 2224 cohortatus
749 2171 867 2240 Aeduos,
881 2179 911 2223 ut
929 2180 1031 2223 contro·

136 2321 272 2384 ¹Cognutr'o
288 2324 309 2372 is
326 2324 391 2371 what
408 2340 445 2371 we
462 2322 509 2370 call
523 2322 621 2382 ‘family
633 2298 793 2380 connexion3'
811 2322 853 2370 the
869 2323 983 2382 meaning
998 2322 1029 2380 is,

105 2380 153 2428 ‘he
165 2381 212 2429 had
224 2399 295 2442 many
307 2383 353 2431 and
365 2382 482 2442 powerful
493 2382 625 2429 relations’

134 2455 353 2504 'Detrimentoeum
369 2472 454 2504 occurs
472 2454 530 2515 only
541 2455 566 2502 in
582 2454 630 2503 thia
647 2470 760 2515 passage,
773 2454 821 2503 and
836 2453 945 2515 signifies
959 2458 1032 2516 ‘very

103 2515 267 2565 detrimental'
280 2531 307 2562 or
320 2516 468 2575 ‘injurious'

135 2589 227 2636 'Alere
237 2588 293 2635 here
305 2588 414 2647 signifies
428 2592 468 2634 ‘to
479 2586 571 2634 favour'
585 2602 612 2634 or
625 2586 757 2646 ‘support’

135 2661 249 2710 ⁴Decetia
260 2661 281 2707 is
292 2677 321 2707 an
334 2660 412 2709 island
423 2661 448 2708 in
460 2661 500 2708 the
512 2661 575 2708 river
585 2659 681 2720 Ligeris
694 2659 793 2716 (boire),
807 2660 854 2708 and
870 2660 911 2708 the
928 2676 995 2709 same
1012 2660 1033 2712 i!

104 2737 163 2771 now
175 2720 252 2768 called
263 2720 359 2767 Deeise.

135 2793 315 2847 'Renunciara
331 2798 371 2840 ‘to
387 2792 458 2840 elect’
471 2808 498 2840 or
512 2791 632 2847 ‘create;’
651 2793 694 2839 but
711 2791 752 2839 the
768 2807 856 2852 proper
871 2792 985 2854 meaning
1002 2793 1031 2851 is,

108 2859 149 2902 ‘to
160 2868 285 2900 announce
297 2853 349 2899 that
361 2868 375 2899 a
385 2868 473 2911 person
484 2852 528 2899 has
541 2853 603 2899 been
614 2850 725 2898 elected’

71 2950 74 2955 <
135 2925 303 2972 ‘intermissis
323 2927 501 2986 magistratslrss
521 2924 541 2971 is
559 2923 688 2982 explained
706 2925 740 2983 by
756 2939 833 2980 some,
854 2924 972 2973 ‘without
991 2926 1033 2974 the

106 2986 192 3046 pertici
210 2985 276 3032 ation
287 2983 314 3030 of
326 2983 367 3030 the
382 2983 557 3043 magistrates)
572 2982 628 3028 who
639 2998 703 3029 were
719 2997 744 3029 to
755 2983 816 3030 have
834 2984 897 3031 been
914 2984 1033 3034 excluded

107 3046 170 3093 l'rorn
182 3000 252 3090 these
264 3042 396 3099 elections;
414 3045 458 3089 but
471 3042 487 3089 it
499 3058 580 3090 seems
597 3056 663 3087 more
674 3040 789 3098 probable
802 3042 853 3089 that
866 3042 907 3090 the
919 3043 1032 3104 meaning

108 3105 138 3160 is,
154 3108 193 3151 ‘at
210 3102 251 3149 tire
268 3101 326 3147 time
339 3101 410 3148 when
427 3101 494 3148 there
507 3117 558 3147 was
574 3115 605 3146 no
622 3099 778 3158 magistrate3
796 3100 848 3148 that
860 3102 890 3159 is,
903 3102 976 3150 when
991 3102 1034 3151 the

107 3162 251 3225 magistrate
264 3159 312 3208 had
323 3159 387 3218 died,
401 3160 447 3208 and
459 3158 531 3207 when
542 3159 610 3207 there
622 3173 673 3206 was
689 3160 839 3219 avacaney.'
