<?xml version="1.0" encoding="UTF-8"?>
<!DOCTYPE html PUBLIC "-//W3C//DTD XHTML 1.0 Transitional//EN"
    "http://www.w3.org/TR/xhtml1/DTD/xhtml1-transitional.dtd">
<html xmlns="http://www.w3.org/1999/xhtml" xml:lang="en" lang="en">
 <head>
  <title>
</title>
<meta http-equiv="Content-Type" content="text/html;charset=utf-8" />
  <meta name='ocr-system' content='tesseract 3.04.00' />
  <meta name='ocr-capabilities' content='ocr_page ocr_carea ocr_par ocr_line ocrx_word'/>
</head>
<body>
  <div class='ocr_page' id='page_1' title='image "./commentariidebe00caesgoog_0231.png"; bbox 0 0 2250 3736; ppageno 0'>
   <div class='ocr_carea' id='block_1_1' title="bbox 141 208 757 267">
    <p class='ocr_par' dir='ltr' id='par_1_1' title="bbox 141 208 757 267">
     <span class='ocr_line' id='line_1_1' title="bbox 141 208 757 267; baseline -0.003 -1"><span class='ocrx_word' id='word_1_1' title='bbox 141 208 201 267; x_wconf 75' lang='lat'><strong>212</strong></span> <span class='ocrx_word' id='word_1_2' title='bbox 444 225 484 264; x_wconf 82' lang='lat' dir='ltr'><strong>aa</strong></span> <span class='ocrx_word' id='word_1_3' title='bbox 506 224 602 265; x_wconf 80' lang='lat' dir='ltr'><strong>annno</strong></span> <span class='ocrx_word' id='word_1_4' title='bbox 624 223 757 264; x_wconf 76' lang='lat' dir='ltr'><strong>onorico.</strong></span> 
     </span>
    </p>
   </div>
   <div class='ocr_carea' id='block_1_2' title="bbox 137 330 1065 2122">
    <p class='ocr_par' dir='ltr' id='par_1_2' title="bbox 140 330 1065 954">
     <span class='ocr_line' id='line_1_2' title="bbox 141 330 1064 402; baseline -0.001 -15"><span class='ocrx_word' id='word_1_5' title='bbox 141 342 266 387; x_wconf 77' lang='lat' dir='ltr'><strong>artantur.</strong></span> <span class='ocrx_word' id='word_1_6' title='bbox 302 331 371 385; x_wconf 87' lang='lat' dir='ltr'><strong>Tum</strong></span> <span class='ocrx_word' id='word_1_7' title='bbox 385 333 510 386; x_wconf 82' lang='lat' dir='ltr'>Germani</span> <span class='ocrx_word' id='word_1_8' title='bbox 523 333 611 385; x_wconf 87' lang='lat' dir='ltr'><strong>acrius</strong></span> <span class='ocrx_word' id='word_1_9' title='bbox 622 348 708 400; x_wconf 87' lang='lat' dir='ltr'><strong>usque</strong></span> <span class='ocrx_word' id='word_1_10' title='bbox 720 330 753 382; x_wconf 89' lang='lat' dir='ltr'><strong>ad</strong></span> <span class='ocrx_word' id='word_1_11' title='bbox 766 330 929 384; x_wconf 84' lang='lat' dir='ltr'><strong>munitiones</strong></span> <span class='ocrx_word' id='word_1_12' title='bbox 946 348 1064 402; x_wconf 88' lang='lat' dir='ltr'><strong>sequau-</strong></span> 
     </span>
     <span class='ocr_line' id='line_1_3' title="bbox 142 400 1065 470; baseline -0.001 -15"><span class='ocrx_word' id='word_1_13' title='bbox 142 413 191 456; x_wconf 88' lang='lat' dir='ltr'><strong>tur.</strong></span> <span class='ocrx_word' id='word_1_14' title='bbox 230 403 270 454; x_wconf 85' lang='lat' dir='ltr'><strong>Fit</strong></span> <span class='ocrx_word' id='word_1_15' title='bbox 300 419 399 470; x_wconf 83' lang='lat' dir='ltr'><strong>magna</strong></span> <span class='ocrx_word' id='word_1_16' title='bbox 428 402 541 454; x_wconf 86' lang='lat' dir='ltr'><strong>caedes:</strong></span> <span class='ocrx_word' id='word_1_17' title='bbox 567 402 693 469; x_wconf 90' lang='lat' dir='ltr'><strong>nonnulli,</strong></span> <span class='ocrx_word' id='word_1_18' title='bbox 722 400 819 452; x_wconf 86' lang='lat' dir='ltr'><strong>relictis</strong></span> <span class='ocrx_word' id='word_1_19' title='bbox 849 402 933 469; x_wconf 84' lang='lat' dir='ltr'><strong>equis,</strong></span> <span class='ocrx_word' id='word_1_20' title='bbox 962 402 1065 454; x_wconf 84' lang='lat' dir='ltr'><strong>fossam</strong></span> 
     </span>
     <span class='ocr_line' id='line_1_4' title="bbox 141 469 1064 525; baseline -0.003 0"><span class='ocrx_word' id='word_1_21' title='bbox 141 471 253 525; x_wconf 86' lang='lat' dir='ltr'><strong>transire</strong></span> <span class='ocrx_word' id='word_1_22' title='bbox 273 481 300 523; x_wconf 94' lang='lat' dir='ltr'><strong>et</strong></span> <span class='ocrx_word' id='word_1_23' title='bbox 325 472 470 523; x_wconf 83' lang='lat' dir='ltr'><strong>maceriam</strong></span> <span class='ocrx_word' id='word_1_24' title='bbox 494 470 681 522; x_wconf 76' lang='lat' dir='ltr'><strong>transcendere</strong></span> <span class='ocrx_word' id='word_1_25' title='bbox 704 478 840 521; x_wconf 89' lang='lat' dir='ltr'><strong>conantur.</strong></span> <span class='ocrx_word' id='word_1_26' title='bbox 877 469 1005 522; x_wconf 87' lang='lat' dir='ltr'>Paullum</span> <span class='ocrx_word' id='word_1_27' title='bbox 1025 471 1064 522; x_wconf 90' lang='lat' dir='ltr'><strong>le·</strong></span> 
     </span>
     <span class='ocr_line' id='line_1_5' title="bbox 141 539 1063 609; baseline -0.003 -16"><span class='ocrx_word' id='word_1_28' title='bbox 141 542 234 609; x_wconf 89' lang='lat' dir='ltr'><strong>giones</strong></span> <span class='ocrx_word' id='word_1_29' title='bbox 250 541 354 608; x_wconf 88' lang='lat' dir='ltr'><strong>Caesar,</strong></span> <span class='ocrx_word' id='word_1_30' title='bbox 374 557 440 608; x_wconf 84' lang='lat' dir='ltr'><strong>quas</strong></span> <span class='ocrx_word' id='word_1_31' title='bbox 460 557 504 608; x_wconf 90' lang='lat' dir='ltr'><strong>pro</strong></span> <span class='ocrx_word' id='word_1_32' title='bbox 523 540 592 590; x_wconf 86' lang='lat' dir='ltr'><strong>vallo</strong></span> <span class='ocrx_word' id='word_1_33' title='bbox 609 539 788 607; x_wconf 85' lang='lat' dir='ltr'><strong>constituerat,</strong></span> <span class='ocrx_word' id='word_1_34' title='bbox 806 541 957 606; x_wconf 89' lang='lat' dir='ltr'><strong>promoveri</strong></span> <span class='ocrx_word' id='word_1_35' title='bbox 976 539 1063 607; x_wconf 84' lang='lat' dir='ltr'><strong>jubet.</strong></span> 
     </span>
     <span class='ocr_line' id='line_1_6' title="bbox 141 607 1065 678; baseline -0.003 -15"><span class='ocrx_word' id='word_1_36' title='bbox 141 612 201 664; x_wconf 92' lang='lat' dir='ltr'><strong>Non</strong></span> <span class='ocrx_word' id='word_1_37' title='bbox 219 611 316 676; x_wconf 90' lang='lat' dir='ltr'><strong>minus,</strong></span> <span class='ocrx_word' id='word_1_38' title='bbox 336 610 382 677; x_wconf 92' lang='lat' dir='ltr'><strong>qui</strong></span> <span class='ocrx_word' id='word_1_39' title='bbox 400 608 468 660; x_wconf 84' lang='lat' dir='ltr'><strong>intra</strong></span> <span class='ocrx_word' id='word_1_40' title='bbox 486 608 649 660; x_wconf 82' lang='lat' dir='ltr'><strong>munitiones</strong></span> <span class='ocrx_word' id='word_1_41' title='bbox 667 616 748 676; x_wconf 89' lang='lat' dir='ltr'><strong>erant,</strong></span> <span class='ocrx_word' id='word_1_42' title='bbox 768 607 838 660; x_wconf 88' lang='lat' dir='ltr'><strong>Galli</strong></span> <span class='ocrx_word' id='word_1_43' title='bbox 856 608 1065 678; x_wconf 72' lang='lat' dir='ltr'><strong>perturbantur,</strong></span> 
     </span>
     <span class='ocr_line' id='line_1_7' title="bbox 144 677 1064 745; baseline -0.002 -14"><span class='ocrx_word' id='word_1_44' title='bbox 144 679 228 731; x_wconf 80' lang='lat' dir='ltr'><strong>veniri</strong></span> <span class='ocrx_word' id='word_1_45' title='bbox 248 679 282 730; x_wconf 89' lang='lat' dir='ltr'><strong>ad</strong></span> <span class='ocrx_word' id='word_1_46' title='bbox 303 694 331 729; x_wconf 91' lang='lat' dir='ltr'><strong>se</strong></span> <span class='ocrx_word' id='word_1_47' title='bbox 352 678 493 729; x_wconf 85' lang='lat' dir='ltr'><strong>confestim</strong></span> <span class='ocrx_word' id='word_1_48' title='bbox 513 679 705 745; x_wconf 84' lang='lat' dir='ltr'><strong>existimantes,</strong></span> <span class='ocrx_word' id='word_1_49' title='bbox 725 677 760 727; x_wconf 87' lang='lat' dir='ltr'><strong>ad</strong></span> <span class='ocrx_word' id='word_1_50' title='bbox 780 693 855 728; x_wconf 87' lang='lat' dir='ltr'><strong>arma</strong></span> <span class='ocrx_word' id='word_1_51' title='bbox 875 677 1064 745; x_wconf 70' lang='lat' dir='ltr'><strong>conclamant,</strong></span> 
     </span>
     <span class='ocr_line' id='line_1_8' title="bbox 140 745 1064 815; baseline 0.001 -16"><span class='ocrx_word' id='word_1_52' title='bbox 140 747 260 800; x_wconf 89' lang='lat' dir='ltr'><strong>nonnulli</strong></span> <span class='ocrx_word' id='word_1_53' title='bbox 290 747 421 815; x_wconf 85' lang='lat' dir='ltr'><strong>perterriti</strong></span> <span class='ocrx_word' id='word_1_54' title='bbox 450 746 478 798; x_wconf 91' lang='lat' dir='ltr'><strong>in</strong></span> <span class='ocrx_word' id='word_1_55' title='bbox 507 746 634 814; x_wconf 90' lang='lat' dir='ltr'><strong>oppidum</strong></span> <span class='ocrx_word' id='word_1_56' title='bbox 665 745 822 813; x_wconf 90' lang='lat' dir='ltr'><strong>irrumpunt.</strong></span> <span class='ocrx_word' id='word_1_57' title='bbox 858 745 1064 813; x_wconf 82' lang='lat' dir='ltr'><strong>Vercingetorix</strong></span> 
     </span>
     <span class='ocr_line' id='line_1_9' title="bbox 140 813 1063 887; baseline 0 -19"><span class='ocrx_word' id='word_1_58' title='bbox 140 827 229 886; x_wconf 89' lang='lat' dir='ltr'><strong>portas</strong></span> <span class='ocrx_word' id='word_1_59' title='bbox 245 816 321 886; x_wconf 83' lang='lat' dir='ltr'><strong>jubet</strong></span> <span class='ocrx_word' id='word_1_60' title='bbox 338 815 435 884; x_wconf 88' lang='lat' dir='ltr'><strong>claudi,</strong></span> <span class='ocrx_word' id='word_1_61' title='bbox 454 831 489 866; x_wconf 90' lang='lat' dir='ltr'><strong>ne</strong></span> <span class='ocrx_word' id='word_1_62' title='bbox 507 824 595 866; x_wconf 85' lang='lat' dir='ltr'><strong>castra</strong></span> <span class='ocrx_word' id='word_1_63' title='bbox 611 815 753 866; x_wconf 90' lang='lat' dir='ltr'><strong>nudentur.</strong></span> <span class='ocrx_word' id='word_1_64' title='bbox 789 813 886 866; x_wconf 89' lang='lat' dir='ltr'><strong>Multis</strong></span> <span class='ocrx_word' id='word_1_65' title='bbox 904 814 1063 887; x_wconf 83' lang='lat' dir='ltr'><strong>interfectis,</strong></span> 
     </span>
     <span class='ocr_line' id='line_1_10' title="bbox 140 882 882 954; baseline -0.005 -16"><span class='ocrx_word' id='word_1_66' title='bbox 140 886 321 954; x_wconf 75' lang='lat' dir='ltr'><strong>compluribus</strong></span> <span class='ocrx_word' id='word_1_67' title='bbox 333 885 410 953; x_wconf 89' lang='lat' dir='ltr'><strong>equis</strong></span> <span class='ocrx_word' id='word_1_68' title='bbox 422 882 515 951; x_wconf 87' lang='lat' dir='ltr'><strong>captis,</strong></span> <span class='ocrx_word' id='word_1_69' title='bbox 528 883 657 936; x_wconf 89' lang='lat' dir='ltr'><strong>Germani</strong></span> <span class='ocrx_word' id='word_1_70' title='bbox 669 900 729 934; x_wconf 90' lang='lat' dir='ltr'><strong>sese</strong></span> <span class='ocrx_word' id='word_1_71' title='bbox 741 882 882 950; x_wconf 89' lang='lat' dir='ltr'><strong>recipiunt.</strong></span> 
     </span>
    </p>

    <p class='ocr_par' dir='ltr' id='par_1_3' title="bbox 137 951 1064 2122">
     <span class='ocr_line' id='line_1_11' title="bbox 176 951 1064 1022; baseline -0.001 -16"><span class='ocrx_word' id='word_1_72' title='bbox 176 960 218 1006; x_wconf 90' lang='grc'><strong>71.</strong></span> <span class='ocrx_word' id='word_1_73' title='bbox 241 952 445 1022; x_wconf 84' lang='lat' dir='ltr'><strong>Vercingetorix,</strong></span> <span class='ocrx_word' id='word_1_74' title='bbox 458 953 613 1021; x_wconf 89' lang='lat' dir='ltr'><strong>priusquam</strong></span> <span class='ocrx_word' id='word_1_75' title='bbox 631 951 793 1004; x_wconf 88' lang='lat' dir='ltr'><strong>munitiones</strong></span> <span class='ocrx_word' id='word_1_76' title='bbox 809 951 844 1011; x_wconf 83' lang='lat' dir='ltr'><strong>ab</strong></span> <span class='ocrx_word' id='word_1_77' title='bbox 858 953 987 1004; x_wconf 88' lang='lat' dir='ltr'><strong>Romanis</strong></span> <span class='ocrx_word' id='word_1_78' title='bbox 1003 970 1064 1022; x_wconf 92' lang='lat' dir='ltr'><strong>per-</strong></span> 
     </span>
     <span class='ocr_line' id='line_1_12' title="bbox 140 1020 1063 1089; baseline -0.002 -13"><span class='ocrx_word' id='word_1_79' title='bbox 140 1022 269 1088; x_wconf 88' lang='lat' dir='ltr'><strong>ficiantur,</strong></span> <span class='ocrx_word' id='word_1_80' title='bbox 283 1022 424 1074; x_wconf 90' lang='lat' dir='ltr'><strong>consilium</strong></span> <span class='ocrx_word' id='word_1_81' title='bbox 443 1022 521 1089; x_wconf 83' lang='lat' dir='ltr'><strong>capit,</strong></span> <span class='ocrx_word' id='word_1_82' title='bbox 535 1037 642 1072; x_wconf 90' lang='lat' dir='ltr'><strong>ornnem</strong></span> <span class='ocrx_word' id='word_1_83' title='bbox 661 1020 696 1072; x_wconf 87' lang='lat' dir='ltr'><strong>ab</strong></span> <span class='ocrx_word' id='word_1_84' title='bbox 714 1038 744 1072; x_wconf 89' lang='lat' dir='ltr'><strong>se</strong></span> <span class='ocrx_word' id='word_1_85' title='bbox 762 1020 911 1089; x_wconf 83' lang='lat' dir='ltr'><strong>equitatum</strong></span> <span class='ocrx_word' id='word_1_86' title='bbox 924 1031 1006 1074; x_wconf 90' lang='lat' dir='ltr'><strong>noctu</strong></span> <span class='ocrx_word' id='word_1_87' title='bbox 1022 1021 1063 1074; x_wconf 92' lang='lat' dir='ltr'><strong>di·</strong></span> 
     </span>
     <span class='ocr_line' id='line_1_13' title="bbox 140 1089 1061 1159; baseline 0 -15"><span class='ocrx_word' id='word_1_88' title='bbox 140 1092 266 1144; x_wconf 81' lang='lat' dir='ltr'><strong>mittere.1</strong></span> <span class='ocrx_word' id='word_1_89' title='bbox 302 1089 509 1143; x_wconf 84' lang='lat' dir='ltr'><strong>Discedentibus</strong></span> <span class='ocrx_word' id='word_1_90' title='bbox 531 1090 649 1159; x_wconf 86' lang='lat' dir='ltr'><strong>mandat,</strong></span> <span class='ocrx_word' id='word_1_91' title='bbox 674 1098 704 1141; x_wconf 90' lang='lat' dir='ltr'><strong>ut</strong></span> <span class='ocrx_word' id='word_1_92' title='bbox 728 1107 804 1141; x_wconf 83' lang='lat' dir='ltr'><strong>suam</strong></span> <span class='ocrx_word' id='word_1_93' title='bbox 829 1091 943 1158; x_wconf 90' lang='lat' dir='ltr'><strong>quisque</strong></span> <span class='ocrx_word' id='word_1_94' title='bbox 968 1107 1061 1144; x_wconf 89' lang='lat' dir='ltr'><strong>eorum</strong></span> 
     </span>
     <span class='ocr_line' id='line_1_14' title="bbox 139 1158 1063 1227; baseline 0.001 -17"><span class='ocrx_word' id='word_1_95' title='bbox 139 1160 278 1211; x_wconf 85' lang='lat' dir='ltr'><strong>civitatem</strong></span> <span class='ocrx_word' id='word_1_96' title='bbox 295 1160 374 1211; x_wconf 87' lang='lat' dir='ltr'><strong>adeat</strong></span> <span class='ocrx_word' id='word_1_97' title='bbox 392 1176 547 1227; x_wconf 91' lang='lat' dir='ltr'><strong>omnesque,</strong></span> <span class='ocrx_word' id='word_1_98' title='bbox 561 1159 607 1227; x_wconf 89' lang='lat' dir='ltr'><strong>qui</strong></span> <span class='ocrx_word' id='word_1_99' title='bbox 623 1175 671 1227; x_wconf 93' lang='lat' dir='ltr'><strong>per</strong></span> <span class='ocrx_word' id='word_1_100' title='bbox 688 1166 805 1210; x_wconf 89' lang='lat' dir='ltr'><strong>aetatem</strong></span> <span class='ocrx_word' id='word_1_101' title='bbox 822 1175 898 1211; x_wconf 88' lang='lat' dir='ltr'><strong>arma</strong></span> <span class='ocrx_word' id='word_1_102' title='bbox 914 1158 983 1211; x_wconf 89' lang='lat' dir='ltr'><strong>serre</strong></span> <span class='ocrx_word' id='word_1_103' title='bbox 1001 1176 1063 1227; x_wconf 88' lang='lat' dir='ltr'><strong>pos·</strong></span> 
     </span>
     <span class='ocr_line' id='line_1_15' title="bbox 140 1226 1063 1295; baseline 0.001 -16"><span class='ocrx_word' id='word_1_104' title='bbox 140 1229 200 1295; x_wconf 85' lang='lat' dir='ltr'><strong>sint,</strong></span> <span class='ocrx_word' id='word_1_105' title='bbox 219 1227 253 1279; x_wconf 89' lang='lat' dir='ltr'><strong>ad</strong></span> <span class='ocrx_word' id='word_1_106' title='bbox 274 1228 375 1280; x_wconf 91' lang='lat' dir='ltr'><strong>bellum</strong></span> <span class='ocrx_word' id='word_1_107' title='bbox 393 1237 502 1295; x_wconf 69' lang='lat' dir='ltr'><strong>cogant,</strong></span> <span class='ocrx_word' id='word_1_108' title='bbox 524 1244 572 1279; x_wconf 86' lang='lat' dir='ltr'><strong>sua</strong></span> <span class='ocrx_word' id='word_1_109' title='bbox 592 1228 616 1278; x_wconf 92' lang='lat' dir='ltr'><strong>in</strong></span> <span class='ocrx_word' id='word_1_110' title='bbox 639 1226 699 1279; x_wconf 88' lang='lat' dir='ltr'><strong>illos</strong></span> <span class='ocrx_word' id='word_1_111' title='bbox 719 1228 813 1279; x_wconf 89' lang='lat' dir='ltr'><strong>merita</strong></span> <span class='ocrx_word' id='word_1_112' title='bbox 834 1228 953 1295; x_wconf 90' lang='lat' dir='ltr'><strong>proponit</strong></span> <span class='ocrx_word' id='word_1_113' title='bbox 972 1228 1063 1280; x_wconf 89' lang='lat' dir='ltr'><strong>obtes-</strong></span> 
     </span>
     <span class='ocr_line' id='line_1_16' title="bbox 140 1295 1062 1365; baseline 0.002 -16"><span class='ocrx_word' id='word_1_114' title='bbox 140 1306 270 1365; x_wconf 87' lang='lat' dir='ltr'><strong>taturque,</strong></span> <span class='ocrx_word' id='word_1_115' title='bbox 283 1306 312 1348; x_wconf 94' lang='lat' dir='ltr'><strong>ut</strong></span> <span class='ocrx_word' id='word_1_116' title='bbox 331 1313 395 1348; x_wconf 88' lang='lat' dir='ltr'><strong>suae</strong></span> <span class='ocrx_word' id='word_1_117' title='bbox 415 1296 508 1348; x_wconf 86' lang='lat' dir='ltr'><strong>salutis</strong></span> <span class='ocrx_word' id='word_1_118' title='bbox 526 1298 655 1348; x_wconf 87' lang='lat' dir='ltr'><strong>rationem</strong></span> <span class='ocrx_word' id='word_1_119' title='bbox 672 1295 795 1364; x_wconf 85' lang='lat' dir='ltr'><strong>habeant,</strong></span> <span class='ocrx_word' id='word_1_120' title='bbox 811 1312 865 1347; x_wconf 91' lang='lat' dir='ltr'><strong>neu</strong></span> <span class='ocrx_word' id='word_1_121' title='bbox 883 1313 920 1364; x_wconf 90' lang='lat' dir='ltr'><strong>se,</strong></span> <span class='ocrx_word' id='word_1_122' title='bbox 934 1297 970 1348; x_wconf 90' lang='lat' dir='ltr'><strong>de</strong></span> <span class='ocrx_word' id='word_1_123' title='bbox 988 1315 1062 1351; x_wconf 90' lang='lat' dir='ltr'><strong>com·</strong></span> 
     </span>
     <span class='ocr_line' id='line_1_17' title="bbox 140 1363 1061 1433; baseline 0 -15"><span class='ocrx_word' id='word_1_124' title='bbox 140 1367 214 1418; x_wconf 90' lang='lat' dir='ltr'><strong>muni</strong></span> <span class='ocrx_word' id='word_1_125' title='bbox 238 1365 361 1417; x_wconf 85' lang='lat' dir='ltr'><strong>libertate</strong></span> <span class='ocrx_word' id='word_1_126' title='bbox 384 1365 484 1432; x_wconf 88' lang='lat' dir='ltr'><strong>optime</strong></span> <span class='ocrx_word' id='word_1_127' title='bbox 508 1365 641 1433; x_wconf 90' lang='lat' dir='ltr'><strong>meritum,</strong></span> <span class='ocrx_word' id='word_1_128' title='bbox 661 1363 781 1416; x_wconf 90' lang='lat' dir='ltr'><strong>hostibus</strong></span> <span class='ocrx_word' id='word_1_129' title='bbox 801 1365 826 1416; x_wconf 90' lang='lat' dir='ltr'><strong>in</strong></span> <span class='ocrx_word' id='word_1_130' title='bbox 848 1367 995 1418; x_wconf 87' lang='lat' dir='ltr'><strong>cruciatum</strong></span> <span class='ocrx_word' id='word_1_131' title='bbox 1013 1367 1061 1418; x_wconf 90' lang='lat' dir='ltr'><strong>de·</strong></span> 
     </span>
     <span class='ocr_line' id='line_1_18' title="bbox 139 1432 1062 1502; baseline 0.002 -16"><span class='ocrx_word' id='word_1_132' title='bbox 139 1434 219 1486; x_wconf 86' lang='lat' dir='ltr'><strong>dant:</strong></span> <span class='ocrx_word' id='word_1_133' title='bbox 239 1434 310 1502; x_wconf 91' lang='lat' dir='ltr'><strong>quod</strong></span> <span class='ocrx_word' id='word_1_134' title='bbox 327 1435 359 1485; x_wconf 78' lang='lat' dir='ltr'><strong>si&#39;</strong></span> <span class='ocrx_word' id='word_1_135' title='bbox 369 1432 576 1500; x_wconf 81' lang='lat' dir='ltr'><strong>indiligentiores</strong></span> <span class='ocrx_word' id='word_1_136' title='bbox 588 1433 694 1502; x_wconf 84' lang='lat' dir='ltr'><strong>luerint,</strong></span> <span class='ocrx_word' id='word_1_137' title='bbox 707 1433 784 1484; x_wconf 92' lang='lat' dir='ltr'><strong>milia</strong></span> <span class='ocrx_word' id='word_1_138' title='bbox 801 1433 940 1485; x_wconf 90' lang='lat' dir='ltr'><strong>homiuum</strong></span> <span class='ocrx_word' id='word_1_139' title='bbox 953 1433 1062 1488; x_wconf 86' lang='lat' dir='ltr'><strong>delecta</strong></span> 
     </span>
     <span class='ocr_line' id='line_1_19' title="bbox 141 1502 1062 1572; baseline 0 -16"><span class='ocrx_word' id='word_1_140' title='bbox 141 1519 220 1556; x_wconf 79' lang='lat' dir='ltr'><strong>cxxx.</strong></span> <span class='ocrx_word' id='word_1_141' title='bbox 242 1520 295 1555; x_wconf 86' lang='lat' dir='ltr'><strong>una</strong></span> <span class='ocrx_word' id='word_1_142' title='bbox 314 1519 408 1554; x_wconf 89' lang='lat' dir='ltr'><strong>secum</strong></span> <span class='ocrx_word' id='word_1_143' title='bbox 426 1502 563 1554; x_wconf 88' lang='lat' dir='ltr'><strong>interitura</strong></span> <span class='ocrx_word' id='word_1_144' title='bbox 582 1502 760 1570; x_wconf 73' lang='lat' dir='ltr'><strong>demonstrat,</strong></span> <span class='ocrx_word' id='word_1_145' title='bbox 785 1503 884 1554; x_wconf 89' lang='lat' dir='ltr'><strong>ratione</strong></span> <span class='ocrx_word' id='word_1_146' title='bbox 905 1503 987 1572; x_wconf 80' lang='lat' dir='ltr'><strong>inita,³</strong></span> <span class='ocrx_word' id='word_1_147' title='bbox 1007 1504 1062 1556; x_wconf 92' lang='lat' dir='ltr'><strong>fru-</strong></span> 
     </span>
     <span class='ocr_line' id='line_1_20' title="bbox 140 1570 1061 1640; baseline 0.003 -17"><span class='ocrx_word' id='word_1_148' title='bbox 140 1580 262 1623; x_wconf 90' lang='lat' dir='ltr'><strong>mentum</strong></span> <span class='ocrx_word' id='word_1_149' title='bbox 283 1588 311 1623; x_wconf 89' lang='lat' dir='ltr'><strong>se</strong></span> <span class='ocrx_word' id='word_1_150' title='bbox 335 1571 432 1638; x_wconf 87' lang='lat' dir='ltr'><strong>exigue</strong></span> <span class='ocrx_word' id='word_1_151' title='bbox 456 1570 559 1623; x_wconf 88' lang='lat' dir='ltr'><strong>dierum</strong></span> <span class='ocrx_word' id='word_1_152' title='bbox 579 1589 642 1624; x_wconf 79' lang='lat' dir='ltr'><strong>xxx.</strong></span> <span class='ocrx_word' id='word_1_153' title='bbox 662 1570 769 1638; x_wconf 87' lang='lat' dir='ltr'><strong>habere,</strong></span> <span class='ocrx_word' id='word_1_154' title='bbox 795 1571 842 1623; x_wconf 88' lang='lat' dir='ltr'><strong>sed</strong></span> <span class='ocrx_word' id='word_1_155' title='bbox 862 1571 951 1640; x_wconf 87' lang='lat' dir='ltr'><strong>paullo</strong></span> <span class='ocrx_word' id='word_1_156' title='bbox 976 1573 1061 1632; x_wconf 87' lang='lat' dir='ltr'><strong>etiam</strong></span> 
     </span>
     <span class='ocr_line' id='line_1_21' title="bbox 138 1639 1062 1710; baseline 0.003 -18"><span class='ocrx_word' id='word_1_157' title='bbox 138 1639 242 1706; x_wconf 88' lang='lat' dir='ltr'><strong>longius</strong></span> <span class='ocrx_word' id='word_1_158' title='bbox 265 1640 374 1692; x_wconf 88' lang='lat' dir='ltr'><strong>tolerare</strong></span> <span class='ocrx_word' id='word_1_159' title='bbox 399 1656 477 1708; x_wconf 85' lang='lat' dir='ltr'><strong>posse</strong></span> <span class='ocrx_word' id='word_1_160' title='bbox 500 1639 640 1708; x_wconf 89' lang='lat' dir='ltr'><strong>parcendo.</strong></span> <span class='ocrx_word' id='word_1_161' title='bbox 676 1641 724 1691; x_wconf 86' lang='lat' dir='ltr'><strong>His</strong></span> <span class='ocrx_word' id='word_1_162' title='bbox 747 1639 816 1692; x_wconf 82' lang='lat' dir='ltr'><strong>datis</strong></span> <span class='ocrx_word' id='word_1_163' title='bbox 840 1641 980 1710; x_wconf 86' lang='lat' dir='ltr'><strong>mandatis,</strong></span> <span class='ocrx_word' id='word_1_164' title='bbox 1006 1659 1062 1710; x_wconf 88' lang='lat' dir='ltr'><strong>qua</strong></span> 
     </span>
     <span class='ocr_line' id='line_1_22' title="bbox 138 1708 1062 1779; baseline 0.004 -20"><span class='ocrx_word' id='word_1_165' title='bbox 138 1717 195 1760; x_wconf 89' lang='lat' dir='ltr'><strong>erat</strong></span> <span class='ocrx_word' id='word_1_166' title='bbox 207 1717 326 1761; x_wconf 88' lang='lat' dir='ltr'><strong>nostrum</strong></span> <span class='ocrx_word' id='word_1_167' title='bbox 339 1725 405 1777; x_wconf 91' lang='lat' dir='ltr'><strong>opus</strong></span> <span class='ocrx_word' id='word_1_168' title='bbox 419 1709 619 1776; x_wconf 80' lang='lat' dir='ltr'><strong>intermissum,⁴</strong></span> <span class='ocrx_word' id='word_1_169' title='bbox 630 1708 748 1760; x_wconf 86' lang='lat' dir='ltr'><strong>secunda</strong></span> <span class='ocrx_word' id='word_1_170' title='bbox 761 1708 851 1776; x_wconf 87' lang='lat' dir='ltr'><strong>vigilia</strong></span> <span class='ocrx_word' id='word_1_171' title='bbox 863 1709 968 1761; x_wconf 89' lang='lat' dir='ltr'><strong>silentio</strong></span> <span class='ocrx_word' id='word_1_172' title='bbox 984 1712 1062 1779; x_wconf 91' lang='lat' dir='ltr'><strong>equi-</strong></span> 
     </span>
     <span class='ocr_line' id='line_1_23' title="bbox 139 1776 1063 1848; baseline 0.004 -20"><span class='ocrx_word' id='word_1_173' title='bbox 139 1783 226 1829; x_wconf 84' lang='lat' dir='ltr'><strong>tatum</strong></span> <span class='ocrx_word' id='word_1_174' title='bbox 238 1777 364 1845; x_wconf 79' lang='lat' dir='ltr'><strong>dimittit3</strong></span> <span class='ocrx_word' id='word_1_175' title='bbox 383 1776 548 1829; x_wconf 83' lang='lat' dir='ltr'><strong>frumentum</strong></span> <span class='ocrx_word' id='word_1_176' title='bbox 565 1794 644 1829; x_wconf 91' lang='lat' dir='ltr'><strong>omne</strong></span> <span class='ocrx_word' id='word_1_177' title='bbox 656 1777 690 1828; x_wconf 87' lang='lat' dir='ltr'><strong>ad</strong></span> <span class='ocrx_word' id='word_1_178' title='bbox 709 1794 738 1829; x_wconf 91' lang='lat' dir='ltr'><strong>se</strong></span> <span class='ocrx_word' id='word_1_179' title='bbox 751 1777 843 1829; x_wconf 82' lang='lat' dir='ltr'><strong>referri</strong></span> <span class='ocrx_word' id='word_1_180' title='bbox 853 1777 944 1846; x_wconf 83' lang='lat' dir='ltr'><strong>jubet3</strong></span> <span class='ocrx_word' id='word_1_181' title='bbox 963 1781 1063 1848; x_wconf 84' lang='lat' dir='ltr'><strong>capitis</strong></span> 
     </span>
     <span class='ocr_line' id='line_1_24' title="bbox 137 1847 1063 1915; baseline 0.005 -19"><span class='ocrx_word' id='word_1_182' title='bbox 137 1860 252 1913; x_wconf 89' lang='lat' dir='ltr'><strong>poenam</strong></span> <span class='ocrx_word' id='word_1_183' title='bbox 266 1847 306 1915; x_wconf 89' lang='lat' dir='ltr'><strong>iis,</strong></span> <span class='ocrx_word' id='word_1_184' title='bbox 320 1847 366 1915; x_wconf 91' lang='lat' dir='ltr'><strong>qui</strong></span> <span class='ocrx_word' id='word_1_185' title='bbox 378 1862 429 1898; x_wconf 93' lang='lat' dir='ltr'><strong>non</strong></span> <span class='ocrx_word' id='word_1_186' title='bbox 441 1847 582 1914; x_wconf 85' lang='lat' dir='ltr'><strong>paruerint,</strong></span> <span class='ocrx_word' id='word_1_187' title='bbox 596 1847 746 1914; x_wconf 79' lang='lat' dir='ltr'><strong>constituit3</strong></span> <span class='ocrx_word' id='word_1_188' title='bbox 764 1863 855 1914; x_wconf 90' lang='lat' dir='ltr'><strong>pecus,</strong></span> <span class='ocrx_word' id='word_1_189' title='bbox 869 1847 947 1915; x_wconf 84' lang='lat' dir='ltr'><strong>cujus</strong></span> <span class='ocrx_word' id='word_1_190' title='bbox 962 1866 1063 1915; x_wconf 77' lang='lat' dir='ltr'><strong>magna</strong></span> 
     </span>
     <span class='ocr_line' id='line_1_25' title="bbox 138 1913 1061 1985; baseline 0.004 -19"><span class='ocrx_word' id='word_1_191' title='bbox 138 1924 195 1966; x_wconf 88' lang='lat' dir='ltr'><strong>erat</strong></span> <span class='ocrx_word' id='word_1_192' title='bbox 215 1914 250 1966; x_wconf 91' lang='lat' dir='ltr'><strong>ab</strong></span> <span class='ocrx_word' id='word_1_193' title='bbox 270 1913 427 1967; x_wconf 84' lang='lat' dir='ltr'><strong>Mandubiis</strong></span> <span class='ocrx_word' id='word_1_194' title='bbox 447 1915 586 1983; x_wconf 84' lang='lat' dir='ltr'><strong>compulsa</strong></span> <span class='ocrx_word' id='word_1_195' title='bbox 609 1918 692 1984; x_wconf 86' lang='lat' dir='ltr'><strong>copia,</strong></span> <span class='ocrx_word' id='word_1_196' title='bbox 714 1916 811 1967; x_wconf 91' lang='lat' dir='ltr'><strong>viritim</strong></span> <span class='ocrx_word' id='word_1_197' title='bbox 832 1914 981 1985; x_wconf 71' lang='lat' dir='ltr'><strong>distribuit,</strong></span> <span class='ocrx_word' id='word_1_198' title='bbox 1006 1918 1061 1970; x_wconf 89' lang='lat' dir='ltr'><strong>fru-</strong></span> 
     </span>
     <span class='ocr_line' id='line_1_26' title="bbox 138 1983 1059 2057; baseline 0.003 -22"><span class='ocrx_word' id='word_1_199' title='bbox 138 1993 261 2036; x_wconf 90' lang='lat' dir='ltr'><strong>mentum</strong></span> <span class='ocrx_word' id='word_1_200' title='bbox 283 2000 362 2051; x_wconf 89' lang='lat' dir='ltr'><strong>parce</strong></span> <span class='ocrx_word' id='word_1_201' title='bbox 382 1991 409 2034; x_wconf 90' lang='lat' dir='ltr'><strong>et</strong></span> <span class='ocrx_word' id='word_1_202' title='bbox 429 1983 568 2051; x_wconf 84' lang='lat' dir='ltr'><strong>paullatim</strong></span> <span class='ocrx_word' id='word_1_203' title='bbox 587 1985 675 2035; x_wconf 90' lang='lat' dir='ltr'><strong>metiri</strong></span> <span class='ocrx_word' id='word_1_204' title='bbox 694 1984 824 2052; x_wconf 74' lang='lat' dir='ltr'><strong>instituit,</strong></span> <span class='ocrx_word' id='word_1_205' title='bbox 845 1986 936 2054; x_wconf 92' lang='lat' dir='ltr'><strong>copias</strong></span> <span class='ocrx_word' id='word_1_206' title='bbox 955 2002 1059 2057; x_wconf 80' lang='lat' dir='ltr'><strong>omnes,</strong></span> 
     </span>
     <span class='ocr_line' id='line_1_27' title="bbox 139 2051 1051 2122; baseline 0.004 -19"><span class='ocrx_word' id='word_1_207' title='bbox 139 2067 205 2120; x_wconf 84' lang='lat' dir='ltr'><strong>quas</strong></span> <span class='ocrx_word' id='word_1_208' title='bbox 222 2069 268 2121; x_wconf 91' lang='lat' dir='ltr'><strong>pro</strong></span> <span class='ocrx_word' id='word_1_209' title='bbox 280 2052 376 2121; x_wconf 93' lang='lat' dir='ltr'><strong>oppido</strong></span> <span class='ocrx_word' id='word_1_210' title='bbox 388 2051 573 2121; x_wconf 83' lang='lat' dir='ltr'><strong>collocaverat,</strong></span> <span class='ocrx_word' id='word_1_211' title='bbox 587 2053 612 2104; x_wconf 92' lang='lat' dir='ltr'><strong>in</strong></span> <span class='ocrx_word' id='word_1_212' title='bbox 630 2052 760 2121; x_wconf 89' lang='lat' dir='ltr'><strong>oppidum</strong></span> <span class='ocrx_word' id='word_1_213' title='bbox 778 2054 878 2122; x_wconf 87' lang='lat' dir='ltr'><strong>recipit.</strong></span> <span class='ocrx_word' id='word_1_214' title='bbox 915 2054 964 2106; x_wconf 89' lang='lat' dir='ltr'><strong>His</strong></span> <span class='ocrx_word' id='word_1_215' title='bbox 982 2056 1051 2108; x_wconf 87' lang='lat' dir='ltr'><strong>ratic</strong></span> 
     </span>
    </p>
   </div>
   <div class='ocr_carea' id='block_1_3' title="bbox 136 2119 1063 2329">
    <p class='ocr_par' dir='ltr' id='par_1_4' title="bbox 136 2119 1063 2329">
     <span class='ocr_line' id='line_1_28' title="bbox 137 2119 1061 2191; baseline 0.004 -18"><span class='ocrx_word' id='word_1_216' title='bbox 137 2121 216 2173; x_wconf 87' lang='lat' dir='ltr'><strong>nibus</strong></span> <span class='ocrx_word' id='word_1_217' title='bbox 227 2122 327 2173; x_wconf 82' lang='lat' dir='ltr'><strong>auxilia</strong></span> <span class='ocrx_word' id='word_1_218' title='bbox 338 2119 442 2173; x_wconf 84' lang='lat' dir='ltr'><strong>Galliae</strong></span> <span class='ocrx_word' id='word_1_219' title='bbox 454 2129 611 2190; x_wconf 86' lang='lat' dir='ltr'><strong>exspectare</strong></span> <span class='ocrx_word' id='word_1_220' title='bbox 624 2131 650 2173; x_wconf 89' lang='lat' dir='ltr'><strong>et</strong></span> <span class='ocrx_word' id='word_1_221' title='bbox 663 2121 765 2173; x_wconf 90' lang='lat' dir='ltr'><strong>bellum</strong></span> <span class='ocrx_word' id='word_1_222' title='bbox 777 2122 963 2175; x_wconf 89' lang='lat' dir='ltr'><strong>administrare</strong></span> <span class='ocrx_word' id='word_1_223' title='bbox 975 2134 1061 2191; x_wconf 86' lang='lat' dir='ltr'><strong>parat.</strong></span> 
     </span>
     <span class='ocr_line' id='line_1_29' title="bbox 157 2189 1062 2260; baseline 0.003 -18"><span class='ocrx_word' id='word_1_224' title='bbox 157 2195 215 2247; x_wconf 65' lang='lat'><strong>,72</strong></span> <span class='ocrx_word' id='word_1_225' title='bbox 235 2189 339 2247; x_wconf 83' lang='lat' dir='ltr'><strong>Quibus</strong></span> <span class='ocrx_word' id='word_1_226' title='bbox 358 2189 437 2242; x_wconf 91' lang='lat' dir='ltr'><strong>rebus</strong></span> <span class='ocrx_word' id='word_1_227' title='bbox 455 2207 489 2241; x_wconf 86' lang='lat' dir='ltr'><strong>ex</strong></span> <span class='ocrx_word' id='word_1_228' title='bbox 508 2189 627 2258; x_wconf 87' lang='lat' dir='ltr'><strong>perfugis</strong></span> <span class='ocrx_word' id='word_1_229' title='bbox 645 2198 671 2241; x_wconf 90' lang='lat' dir='ltr'><strong>et</strong></span> <span class='ocrx_word' id='word_1_230' title='bbox 690 2191 804 2259; x_wconf 86' lang='lat' dir='ltr'><strong>captivis</strong></span> <span class='ocrx_word' id='word_1_231' title='bbox 822 2193 940 2260; x_wconf 88' lang='lat' dir='ltr'><strong>cognitis,</strong></span> <span class='ocrx_word' id='word_1_232' title='bbox 960 2193 1062 2246; x_wconf 85' lang='lat' dir='ltr'><strong>Caesar</strong></span> 
     </span>
     <span class='ocr_line' id='line_1_30' title="bbox 136 2258 1063 2329; baseline 0.004 -19"><span class='ocrx_word' id='word_1_233' title='bbox 136 2259 205 2310; x_wconf 87' lang='lat' dir='ltr'><strong>haec</strong></span> <span class='ocrx_word' id='word_1_234' title='bbox 216 2275 315 2327; x_wconf 86' lang='lat' dir='ltr'><strong>genera</strong></span> <span class='ocrx_word' id='word_1_235' title='bbox 326 2258 482 2311; x_wconf 89' lang='lat' dir='ltr'><strong>munitionis</strong></span> <span class='ocrx_word' id='word_1_236' title='bbox 494 2259 616 2311; x_wconf 85' lang='lat' dir='ltr'><strong>instituit.</strong></span> <span class='ocrx_word' id='word_1_237' title='bbox 647 2259 757 2312; x_wconf 83' lang='lat' dir='ltr'><strong>Fossam</strong></span> <span class='ocrx_word' id='word_1_238' title='bbox 770 2259 871 2329; x_wconf 91' lang='lat' dir='ltr'><strong>pedum</strong></span> <span class='ocrx_word' id='word_1_239' title='bbox 883 2277 928 2313; x_wconf 81' lang='lat' dir='ltr'><strong>xx.</strong></span> <span class='ocrx_word' id='word_1_240' title='bbox 941 2260 1063 2315; x_wconf 81' lang='lat' dir='ltr'><strong>directis⁵</strong></span> 
     </span>
    </p>
   </div>
   <div class='ocr_carea' id='block_1_4' title="bbox 1017 2387 1060 2394">
    <p class='ocr_par' dir='ltr' id='par_1_5' title="bbox 1017 2387 1060 2394">
     <span class='ocr_line' id='line_1_31' title="bbox 1017 2387 1060 2394; baseline 0 0"><span class='ocrx_word' id='word_1_241' title='bbox 1017 2387 1060 2394; x_wconf 45' lang='lat' dir='ltr'><strong>„a</strong></span> 
     </span>
    </p>
   </div>
   <div class='ocr_carea' id='block_1_5' title="bbox 76 2449 1062 2628">
    <p class='ocr_par' dir='ltr' id='par_1_6' title="bbox 76 2449 1062 2628">
     <span class='ocr_line' id='line_1_32' title="bbox 165 2449 1062 2517; baseline 0.01 -19"><span class='ocrx_word' id='word_1_242' title='bbox 165 2449 320 2507; x_wconf 82' lang='lat' dir='ltr'><strong>¹Dimr&#39;ttere,·</strong></span> <span class='ocrx_word' id='word_1_243' title='bbox 337 2450 379 2498; x_wconf 88' lang='lat' dir='ltr'><strong>the</strong></span> <span class='ocrx_word' id='word_1_244' title='bbox 391 2451 508 2500; x_wconf 80' lang='lat' dir='ltr'><strong>infinitiva</strong></span> <span class='ocrx_word' id='word_1_245' title='bbox 526 2451 587 2501; x_wconf 86' lang='lat' dir='ltr'><strong>after</strong></span> <span class='ocrx_word' id='word_1_246' title='bbox 602 2455 728 2502; x_wconf 75' lang='lat' dir='ltr'><strong>consilium</strong></span> <span class='ocrx_word' id='word_1_247' title='bbox 744 2455 791 2502; x_wconf 86' lang='lat' dir='ltr'><strong>and</strong></span> <span class='ocrx_word' id='word_1_248' title='bbox 808 2464 907 2517; x_wconf 75' lang='lat' dir='ltr'><strong>tempas,</strong></span> <span class='ocrx_word' id='word_1_249' title='bbox 920 2456 1015 2505; x_wconf 90' lang='lat' dir='ltr'><strong>instead</strong></span> <span class='ocrx_word' id='word_1_250' title='bbox 1033 2459 1062 2507; x_wconf 88' lang='lat' dir='ltr'><strong>of</strong></span> 
     </span>
     <span class='ocr_line' id='line_1_33' title="bbox 138 2507 1051 2570; baseline 0.011 -16"><span class='ocrx_word' id='word_1_251' title='bbox 138 2507 177 2555; x_wconf 87' lang='lat' dir='ltr'><strong>the</strong></span> <span class='ocrx_word' id='word_1_252' title='bbox 188 2510 294 2568; x_wconf 86' lang='lat' dir='ltr'><strong>genitive</strong></span> <span class='ocrx_word' id='word_1_253' title='bbox 305 2509 334 2556; x_wconf 94' lang='lat' dir='ltr'><strong>of</strong></span> <span class='ocrx_word' id='word_1_254' title='bbox 340 2510 381 2557; x_wconf 88' lang='lat' dir='ltr'><strong>the</strong></span> <span class='ocrx_word' id='word_1_255' title='bbox 392 2510 493 2570; x_wconf 88' lang='lat' dir='ltr'><strong>gerund,</strong></span> <span class='ocrx_word' id='word_1_256' title='bbox 506 2510 645 2570; x_wconf 88' lang='lat' dir='ltr'><strong>frequently</strong></span> <span class='ocrx_word' id='word_1_257' title='bbox 654 2528 738 2561; x_wconf 90' lang='lat' dir='ltr'><strong>occurs</strong></span> <span class='ocrx_word' id='word_1_258' title='bbox 749 2514 774 2561; x_wconf 90' lang='lat' dir='ltr'><strong>in</strong></span> <span class='ocrx_word' id='word_1_259' title='bbox 785 2514 866 2570; x_wconf 84' lang='lat' dir='ltr'><strong>Latin,</strong></span> <span class='ocrx_word' id='word_1_260' title='bbox 877 2516 920 2562; x_wconf 89' lang='lat' dir='ltr'><strong>but</strong></span> <span class='ocrx_word' id='word_1_261' title='bbox 931 2515 952 2563; x_wconf 90' lang='lat' dir='ltr'><strong>is</strong></span> <span class='ocrx_word' id='word_1_262' title='bbox 964 2531 994 2563; x_wconf 92' lang='lat' dir='ltr'><strong>an</strong></span> <span class='ocrx_word' id='word_1_263' title='bbox 1006 2517 1051 2566; x_wconf 90' lang='lat' dir='ltr'><strong>imi</strong></span> 
     </span>
     <span class='ocr_line' id='line_1_34' title="bbox 76 2566 663 2628; baseline 0.009 -15"><span class='ocrx_word' id='word_1_264' title='bbox 76 2577 77 2581; x_wconf 76' lang='grc'>’</span> <span class='ocrx_word' id='word_1_265' title='bbox 139 2568 214 2614; x_wconf 84' lang='lat' dir='ltr'><strong>tation</strong></span> <span class='ocrx_word' id='word_1_266' title='bbox 224 2566 252 2615; x_wconf 94' lang='lat' dir='ltr'><strong>of</strong></span> <span class='ocrx_word' id='word_1_267' title='bbox 264 2567 305 2615; x_wconf 89' lang='lat' dir='ltr'><strong>the</strong></span> <span class='ocrx_word' id='word_1_268' title='bbox 319 2567 409 2615; x_wconf 88' lang='lat' dir='ltr'><strong>Greek.</strong></span> <span class='ocrx_word' id='word_1_269' title='bbox 442 2569 562 2628; x_wconf 89' lang='lat' dir='ltr'><strong>Compare</strong></span> <span class='ocrx_word' id='word_1_270' title='bbox 573 2571 614 2617; x_wconf 87' lang='lat' dir='ltr'><strong>vii.</strong></span> <span class='ocrx_word' id='word_1_271' title='bbox 626 2575 663 2619; x_wconf 80' lang='lat'><strong>26.</strong></span> 
     </span>
    </p>
   </div>
   <div class='ocr_carea' id='block_1_6' title="bbox 135 2639 1063 2823">
    <p class='ocr_par' dir='ltr' id='par_1_7' title="bbox 135 2639 1063 2823">
     <span class='ocr_line' id='line_1_35' title="bbox 165 2639 1063 2707; baseline 0.012 -22"><span class='ocrx_word' id='word_1_272' title='bbox 165 2639 255 2700; x_wconf 68' lang='lat' dir='ltr'><strong>&#39;Quod</strong></span> <span class='ocrx_word' id='word_1_273' title='bbox 271 2641 295 2687; x_wconf 79' lang='lat' dir='ltr'><strong>ai</strong></span> <span class='ocrx_word' id='word_1_274' title='bbox 311 2640 331 2687; x_wconf 91' lang='lat' dir='ltr'><strong>is</strong></span> <span class='ocrx_word' id='word_1_275' title='bbox 348 2641 432 2700; x_wconf 89' lang='lat' dir='ltr'><strong>nearly</strong></span> <span class='ocrx_word' id='word_1_276' title='bbox 443 2642 484 2689; x_wconf 90' lang='lat' dir='ltr'><strong>the</strong></span> <span class='ocrx_word' id='word_1_277' title='bbox 502 2657 569 2689; x_wconf 88' lang='lat' dir='ltr'><strong>same</strong></span> <span class='ocrx_word' id='word_1_278' title='bbox 586 2659 613 2690; x_wconf 86' lang='lat' dir='ltr'><strong>as</strong></span> <span class='ocrx_word' id='word_1_279' title='bbox 630 2645 653 2691; x_wconf 83' lang='lat' dir='ltr'><strong>si</strong></span> <span class='ocrx_word' id='word_1_280' title='bbox 669 2644 753 2700; x_wconf 88' lang='lat' dir='ltr'><strong>alone;</strong></span> <span class='ocrx_word' id='word_1_281' title='bbox 771 2645 912 2693; x_wconf 85' lang='lat' dir='ltr'><strong>sometimes</strong></span> <span class='ocrx_word' id='word_1_282' title='bbox 927 2646 945 2693; x_wconf 91' lang='lat' dir='ltr'><strong>it</strong></span> <span class='ocrx_word' id='word_1_283' title='bbox 961 2662 1020 2707; x_wconf 84' lang='lat' dir='ltr'><strong>may</strong></span> <span class='ocrx_word' id='word_1_284' title='bbox 1031 2650 1063 2698; x_wconf 84' lang='lat' dir='ltr'><strong>be</strong></span> 
     </span>
     <span class='ocr_line' id='line_1_36' title="bbox 138 2699 1062 2807; baseline 0.009 -61"><span class='ocrx_word' id='word_1_285' title='bbox 138 2699 253 2746; x_wconf 87' lang='lat' dir='ltr'><strong>rendered</strong></span> <span class='ocrx_word' id='word_1_286' title='bbox 265 2700 298 2766; x_wconf 88' lang='lat' dir='ltr'><strong>by</strong></span> <span class='ocrx_word' id='word_1_287' title='bbox 311 2699 346 2745; x_wconf 81' lang='lat' dir='ltr'><strong>‘is</strong></span> <span class='ocrx_word' id='word_1_288' title='bbox 358 2699 495 2747; x_wconf 66' lang='lat' dir='ltr'><strong>therefore!</strong></span> <span class='ocrx_word' id='word_1_289' title='bbox 529 2701 584 2749; x_wconf 86' lang='lat' dir='ltr'><strong>&#39;l&#39;he</strong></span> <span class='ocrx_word' id='word_1_290' title='bbox 595 2705 657 2807; x_wconf 49' lang='grc' dir='ltr'><strong>Ἧαοά</strong></span> <span class='ocrx_word' id='word_1_291' title='bbox 667 2702 687 2750; x_wconf 92' lang='lat' dir='ltr'><strong>is</strong></span> <span class='ocrx_word' id='word_1_292' title='bbox 699 2703 775 2771; x_wconf 80' lang='lat' dir='ltr'><strong>added</strong></span> <span class='ocrx_word' id='word_1_293' title='bbox 788 2715 813 2751; x_wconf 92' lang='lat' dir='ltr'><strong>to</strong></span> <span class='ocrx_word' id='word_1_294' title='bbox 823 2706 847 2752; x_wconf 82' lang='lat' dir='ltr'><strong>ri</strong></span> <span class='ocrx_word' id='word_1_295' title='bbox 856 2704 892 2751; x_wconf 90' lang='lat' dir='ltr'><strong>for</strong></span> <span class='ocrx_word' id='word_1_296' title='bbox 904 2704 944 2772; x_wconf 82' lang='lat' dir='ltr'><strong>the</strong></span> <span class='ocrx_word' id='word_1_297' title='bbox 955 2721 1062 2765; x_wconf 81' lang='lat' dir='ltr'><strong>purpose</strong></span> 
     </span>
     <span class='ocr_line' id='line_1_37' title="bbox 135 2755 1016 2823; baseline 0.01 -20"><span class='ocrx_word' id='word_1_298' title='bbox 135 2755 164 2804; x_wconf 89' lang='lat' dir='ltr'><strong>of</strong></span> <span class='ocrx_word' id='word_1_299' title='bbox 176 2768 321 2817; x_wconf 84' lang='lat' dir='ltr'><strong>connecting</strong></span> <span class='ocrx_word' id='word_1_300' title='bbox 331 2757 372 2805; x_wconf 89' lang='lat' dir='ltr'><strong>the</strong></span> <span class='ocrx_word' id='word_1_301' title='bbox 384 2768 499 2806; x_wconf 90' lang='lat' dir='ltr'><strong>sentence</strong></span> <span class='ocrx_word' id='word_1_302' title='bbox 510 2775 577 2806; x_wconf 89' lang='lat' dir='ltr'><strong>more</strong></span> <span class='ocrx_word' id='word_1_303' title='bbox 590 2776 603 2807; x_wconf 89' lang='lat' dir='ltr'><strong>c</strong></span> <span class='ocrx_word' id='word_1_304' title='bbox 614 2761 683 2820; x_wconf 86' lang='lat' dir='ltr'><strong>osely</strong></span> <span class='ocrx_word' id='word_1_305' title='bbox 694 2762 755 2809; x_wconf 85' lang='lat' dir='ltr'><strong>wrth</strong></span> <span class='ocrx_word' id='word_1_306' title='bbox 766 2762 807 2809; x_wconf 88' lang='lat' dir='ltr'><strong>the</strong></span> <span class='ocrx_word' id='word_1_307' title='bbox 818 2764 949 2823; x_wconf 88' lang='lat' dir='ltr'><strong>precedmg</strong></span> <span class='ocrx_word' id='word_1_308' title='bbox 960 2780 1016 2813; x_wconf 91' lang='lat' dir='ltr'><strong>oue.</strong></span> 
     </span>
    </p>
   </div>
   <div class='ocr_carea' id='block_1_7' title="bbox 136 2829 1063 2952">
    <p class='ocr_par' dir='ltr' id='par_1_8' title="bbox 136 2829 1063 2952">
     <span class='ocr_line' id='line_1_38' title="bbox 164 2829 1063 2898; baseline 0.013 -22"><span class='ocrx_word' id='word_1_309' title='bbox 164 2829 287 2878; x_wconf 69' lang='lat' dir='ltr'><strong>’Ratione</strong></span> <span class='ocrx_word' id='word_1_310' title='bbox 299 2833 370 2887; x_wconf 78' lang='lat' dir='ltr'><strong>irrita,</strong></span> <span class='ocrx_word' id='word_1_311' title='bbox 386 2831 463 2879; x_wconf 88' lang='lat' dir='ltr'><strong>‘after</strong></span> <span class='ocrx_word' id='word_1_312' title='bbox 480 2847 494 2879; x_wconf 87' lang='lat' dir='ltr'><strong>a</strong></span> <span class='ocrx_word' id='word_1_313' title='bbox 511 2831 656 2880; x_wconf 85' lang='lat' dir='ltr'><strong>calculation</strong></span> <span class='ocrx_word' id='word_1_314' title='bbox 666 2849 717 2881; x_wconf 85' lang='lat' dir='ltr'><strong>was</strong></span> <span class='ocrx_word' id='word_1_315' title='bbox 734 2835 821 2882; x_wconf 65' lang='lat' dir='ltr'><strong>made!</strong></span> <span class='ocrx_word' id='word_1_316' title='bbox 853 2835 950 2898; x_wconf 67' lang='lat' dir='ltr'><strong>Exigue</strong></span> <span class='ocrx_word' id='word_1_317' title='bbox 965 2838 986 2886; x_wconf 90' lang='lat' dir='ltr'><strong>is</strong></span> <span class='ocrx_word' id='word_1_318' title='bbox 1002 2839 1063 2889; x_wconf 83' lang='lat' dir='ltr'><strong>here</strong></span> 
     </span>
     <span class='ocr_line' id='line_1_39' title="bbox 136 2887 755 2952; baseline 0.01 -18"><span class='ocrx_word' id='word_1_319' title='bbox 136 2887 197 2935; x_wconf 87' lang='lat' dir='ltr'><strong>used</strong></span> <span class='ocrx_word' id='word_1_320' title='bbox 208 2889 232 2934; x_wconf 91' lang='lat' dir='ltr'><strong>in</strong></span> <span class='ocrx_word' id='word_1_321' title='bbox 243 2889 284 2935; x_wconf 88' lang='lat' dir='ltr'><strong>the</strong></span> <span class='ocrx_word' id='word_1_322' title='bbox 295 2905 368 2936; x_wconf 88' lang='lat' dir='ltr'><strong>sense</strong></span> <span class='ocrx_word' id='word_1_323' title='bbox 380 2889 408 2936; x_wconf 88' lang='lat' dir='ltr'><strong>of</strong></span> <span class='ocrx_word' id='word_1_324' title='bbox 416 2907 503 2951; x_wconf 80' lang='lat' dir='ltr'><strong>porum</strong></span> <span class='ocrx_word' id='word_1_325' title='bbox 514 2906 541 2938; x_wconf 89' lang='lat' dir='ltr'><strong>or</strong></span> <span class='ocrx_word' id='word_1_326' title='bbox 549 2893 597 2947; x_wconf 75' lang='lat' dir='ltr'><strong>vic,</strong></span> <span class='ocrx_word' id='word_1_327' title='bbox 614 2893 755 2952; x_wconf 79' lang='lat' dir='ltr'><strong>‘scarcely’</strong></span> 
     </span>
    </p>
   </div>
   <div class='ocr_carea' id='block_1_8' title="bbox 165 2958 1064 3030">
    <p class='ocr_par' dir='ltr' id='par_1_9' title="bbox 165 2958 1064 3030">
     <span class='ocr_line' id='line_1_40' title="bbox 165 2958 1064 3030; baseline 0.013 -24"><span class='ocrx_word' id='word_1_328' title='bbox 165 2958 360 3017; x_wconf 79' lang='lat' dir='ltr'><strong>⁴Irrtermiascnr;</strong></span> <span class='ocrx_word' id='word_1_329' title='bbox 375 2961 428 3008; x_wconf 86' lang='lat' dir='ltr'><strong>that</strong></span> <span class='ocrx_word' id='word_1_330' title='bbox 439 2961 469 3018; x_wconf 90' lang='lat' dir='ltr'><strong>is,</strong></span> <span class='ocrx_word' id='word_1_331' title='bbox 478 2963 560 3009; x_wconf 86' lang='lat' dir='ltr'><strong>where</strong></span> <span class='ocrx_word' id='word_1_332' title='bbox 572 2964 684 3012; x_wconf 84' lang='lat' dir='ltr'><strong>between</strong></span> <span class='ocrx_word' id='word_1_333' title='bbox 693 2974 742 3012; x_wconf 90' lang='lat' dir='ltr'><strong>two</strong></span> <span class='ocrx_word' id='word_1_334' title='bbox 751 2967 831 3024; x_wconf 90' lang='lat' dir='ltr'><strong>points</strong></span> <span class='ocrx_word' id='word_1_335' title='bbox 842 2966 911 3014; x_wconf 87' lang='lat' dir='ltr'><strong>there</strong></span> <span class='ocrx_word' id='word_1_336' title='bbox 920 2983 971 3016; x_wconf 84' lang='lat' dir='ltr'><strong>was</strong></span> <span class='ocrx_word' id='word_1_337' title='bbox 983 2985 997 3017; x_wconf 91' lang='lat' dir='ltr'><strong>a</strong></span> <span class='ocrx_word' id='word_1_338' title='bbox 1008 2981 1064 3030; x_wconf 85' lang='lat' dir='ltr'><strong>part</strong></span> 
     </span>
    </p>
   </div>
   <div class='ocr_carea' id='block_1_9' title="bbox 136 3017 1063 3135">
    <p class='ocr_par' dir='ltr' id='par_1_10' title="bbox 136 3017 1063 3135">
     <span class='ocr_line' id='line_1_41' title="bbox 136 3017 1063 3135; baseline 0.018 -72"><span class='ocrx_word' id='word_1_339' title='bbox 136 3017 218 3135; x_wconf 44' lang='grc' dir='ltr'><strong>ἓξὲξ]</strong></span> <span class='ocrx_word' id='word_1_340' title='bbox 230 3018 334 3135; x_wconf 59' lang='lat' dir='ltr'><strong>pppappt</strong></span> <span class='ocrx_word' id='word_1_341' title='bbox 351 3031 392 3080; x_wconf 90' lang='lat' dir='ltr'><strong>yet</strong></span> <span class='ocrx_word' id='word_1_342' title='bbox 411 3022 473 3068; x_wconf 91' lang='lat' dir='ltr'><strong>been</strong></span> <span class='ocrx_word' id='word_1_343' title='bbox 490 3021 602 3077; x_wconf 89' lang='lat' dir='ltr'><strong>fortified,</strong></span> <span class='ocrx_word' id='word_1_344' title='bbox 615 3023 662 3070; x_wconf 89' lang='lat' dir='ltr'><strong>and</strong></span> <span class='ocrx_word' id='word_1_345' title='bbox 679 3024 784 3086; x_wconf 85' lang='lat' dir='ltr'><strong>through</strong></span> <span class='ocrx_word' id='word_1_346' title='bbox 795 3025 876 3074; x_wconf 92' lang='lat' dir='ltr'><strong>which</strong></span> <span class='ocrx_word' id='word_1_347' title='bbox 892 3027 934 3075; x_wconf 90' lang='lat' dir='ltr'><strong>the</strong></span> <span class='ocrx_word' id='word_1_348' title='bbox 951 3031 1063 3079; x_wconf 79' lang='lat' dir='ltr'><strong>enemiee</strong></span> 
     </span>
    </p>
   </div>
   <div class='ocr_carea' id='block_1_10' title="bbox 165 3147 1064 3213">
    <p class='ocr_par' dir='ltr' id='par_1_11' title="bbox 165 3147 1064 3213">
     <span class='ocr_line' id='line_1_42' title="bbox 165 3147 1064 3213; baseline 0.02 -20"><span class='ocrx_word' id='word_1_349' title='bbox 165 3147 286 3195; x_wconf 80' lang='lat' dir='ltr'><strong>⁶Drrectis</strong></span> <span class='ocrx_word' id='word_1_350' title='bbox 304 3151 426 3206; x_wconf 80' lang='lat' dir='ltr'><strong>lateribus,</strong></span> <span class='ocrx_word' id='word_1_351' title='bbox 448 3151 521 3198; x_wconf 85' lang='lat' dir='ltr'><strong>‘with</strong></span> <span class='ocrx_word' id='word_1_352' title='bbox 539 3152 642 3211; x_wconf 84' lang='lat' dir='ltr'><strong>straight</strong></span> <span class='ocrx_word' id='word_1_353' title='bbox 659 3153 750 3210; x_wconf 79' lang='lat' dir='ltr'><strong>sides3’</strong></span> <span class='ocrx_word' id='word_1_354' title='bbox 772 3154 870 3213; x_wconf 83' lang='lat' dir='ltr'><strong>thetis,</strong></span> <span class='ocrx_word' id='word_1_355' title='bbox 890 3158 932 3206; x_wconf 91' lang='lat' dir='ltr'><strong>the</strong></span> <span class='ocrx_word' id='word_1_356' title='bbox 950 3160 1018 3209; x_wconf 87' lang='lat' dir='ltr'><strong>sides</strong></span> <span class='ocrx_word' id='word_1_357' title='bbox 1036 3177 1064 3212; x_wconf 83' lang='lat' dir='ltr'><strong>or</strong></span> 
     </span>
    </p>
   </div>
   <div class='ocr_carea' id='block_1_11' title="bbox 135 3205 1062 3323">
    <p class='ocr_par' dir='ltr' id='par_1_12' title="bbox 135 3205 1062 3323">
     <span class='ocr_line' id='line_1_43' title="bbox 135 3205 1062 3323; baseline 0.02 -71"><span class='ocrx_word' id='word_1_358' title='bbox 135 3205 403 3323; x_wconf 47' lang='lat' dir='ltr'><strong>pprrpllrgshpfhlrlpg,ditch,</strong></span> <span class='ocrx_word' id='word_1_359' title='bbox 417 3210 464 3257; x_wconf 91' lang='lat' dir='ltr'><strong>aud</strong></span> <span class='ocrx_word' id='word_1_360' title='bbox 481 3212 657 3271; x_wconf 86' lang='lat' dir='ltr'><strong>consequently</strong></span> <span class='ocrx_word' id='word_1_361' title='bbox 668 3213 710 3260; x_wconf 92' lang='lat' dir='ltr'><strong>the</strong></span> <span class='ocrx_word' id='word_1_362' title='bbox 728 3213 794 3262; x_wconf 91' lang='lat' dir='ltr'><strong>ditch</strong></span> <span class='ocrx_word' id='word_1_363' title='bbox 812 3215 881 3263; x_wconf 88' lang='lat' dir='ltr'><strong>itself</strong></span> <span class='ocrx_word' id='word_1_364' title='bbox 893 3218 954 3276; x_wconf 82' lang='lat' dir='ltr'><strong>also,</strong></span> <span class='ocrx_word' id='word_1_365' title='bbox 968 3220 1062 3272; x_wconf 84' lang='lat' dir='ltr'><strong>formed</strong></span> 
     </span>
    </p>
   </div>
   <div class='ocr_carea' id='block_1_12' title="bbox 0 0 1130 3736">
    <p class='ocr_par' dir='ltr' id='par_1_13' title="bbox 0 0 1130 3736">
     <span class='ocr_line' id='line_1_44' title="bbox 0 0 1130 3736; baseline 0 0"><span class='ocrx_word' id='word_1_366' title='bbox 0 0 1130 3736; x_wconf 95' lang='lat' dir='ltr'><strong> </strong></span> 
     </span>
    </p>
   </div>
  </div>
 </body>
</html>
