2250 3736
110 212 165 273 toa
409 231 449 270 aa
472 230 567 271 sasso
589 232 727 276 amuco.

106 340 238 395 firmitudo
255 347 336 408 atqua
355 357 388 393 ea
406 357 494 394 rerum
513 349 613 411 natura,
626 352 656 396 ut
673 359 727 411 quo
743 341 830 412 major
841 345 881 399 vis
898 361 948 416 aqtt

104 411 276 487 incitavisset,
302 409 352 462 hoc
380 411 464 462 artius
491 412 593 479 illigata
620 421 781 466 tenerentur.
825 415 899 468 Haec
926 417 948 469 di

104 480 218 531 materia
238 479 336 547 injecta
357 481 566 532 contexebantur
583 498 615 532 uc
633 481 760 548 longuriis
778 485 947 554 cratibusque

104 548 306 614 sternebantur,
324 565 356 599 ac
373 549 453 600 nihilo
472 550 559 601 secius
578 550 696 603 sublicae
715 561 742 604 et
759 552 794 603 ad
807 553 948 606 inferiorerr

105 627 158 670 tem
181 617 298 669 fluminis
317 617 424 686 oblique
447 620 601 688 agebantur,
626 637 696 688 quae
719 638 765 689 pro
785 623 869 674 ariete
889 623 947 693 subj

104 697 131 740 et
152 705 213 739 curn
235 687 308 739 omni
328 704 408 755 opere
428 688 586 756 conjunctae
607 690 662 741 vim
683 690 801 742 fluminis
821 692 948 760 exciperet

103 758 172 809 aliae
203 757 268 808 item
298 772 377 825 supra
402 767 510 824 pontem
540 757 667 810 mediocri
693 759 785 827 spatio,
810 770 838 813 ut
859 761 880 812 si
903 762 948 813 arb

104 826 189 878 trunci
208 827 264 876 sive
284 842 366 877 naves
384 825 527 895 dejiciendi
546 828 633 895 operis
651 836 742 879 essent
754 845 770 878 a
784 829 901 882 barbaris
919 847 944 882 m

104 895 146 948 his
169 894 354 947 defensoribus
378 911 471 947 aarum
498 912 586 948 rerurn
610 897 652 948 vis
678 897 851 968 minueretur,
875 915 928 951 neu

103 973 237 1018 nocerent.

142 1040 181 1087 18.
201 1036 301 1087 Diebus
313 1033 417 1103 decem,
431 1033 529 1101 quibus
545 1033 657 1086 materia
675 1044 769 1103 coepta
787 1044 843 1087 erat
860 1052 948 1105 comp<

103 1105 176 1157 omni
196 1121 275 1174 opere
296 1103 393 1156 effecto
412 1103 544 1155 exercitus
563 1103 715 1155 traducitur.
761 1105 860 1156 Caesar
876 1105 910 1156 ad
929 1122 946 1157 u

104 1192 156 1243 que
182 1183 284 1243 partem
308 1173 395 1242 pontis
417 1172 493 1224 firmo
516 1173 647 1241 praesidio
671 1172 763 1225 relicto
787 1175 813 1226 iu
837 1174 905 1227 fines
927 1174 948 1227 Si

104 1244 209 1296 brorum
238 1243 382 1295 contendit.
430 1242 539 1293 Interim
563 1259 579 1293 a
603 1242 785 1310 compluribus
811 1242 948 1296 civitatibu

103 1330 166 1365 eum
180 1313 261 1379 legati
275 1312 392 1379 veniunt,
402 1311 499 1380 quibus
512 1327 606 1378 pacem
619 1321 701 1379 atque
713 1312 862 1364 amicitiam
875 1323 948 1380 peter

103 1381 248 1433 liberaliter
276 1381 417 1450 respondit,
442 1380 603 1449 obsidesque
626 1381 661 1432 ad
686 1397 714 1432 se
738 1380 837 1434 adduci
860 1381 946 1450 jubet.

103 1450 235 1517 Sigambri
262 1466 296 1502 err
323 1467 355 1501 eo
382 1459 509 1519 tempore,
535 1465 587 1518 quo
614 1465 681 1519 pons
708 1449 811 1502 institui
838 1460 948 1519 coeptus

103 1518 167 1587 fuga
185 1521 347 1589 comparata¹
358 1518 523 1572 hortantibus
541 1519 581 1586 iis,
594 1535 662 1586 quos
673 1535 708 1571 ex
719 1519 858 1572 Tencteris
875 1529 948 1587 atque

103 1588 209 1658 petibus
229 1589 299 1658 apud
324 1605 353 1640 se
374 1587 517 1657 habebant,
537 1588 637 1640 finibus
657 1587 713 1639 suis
735 1597 905 1641 excesserant
924 1605 948 1641 st

103 1658 193 1778 qmnia
216 1667 418 1727 exportaverant
442 1674 526 1726 seque
546 1657 572 1710 in
597 1656 770 1710 solitudinem
792 1674 825 1710 ac
848 1658 930 1711 silvas

122 1735 205 1779 erant.

141 1801 180 1848 19.
199 1796 297 1849 Caesar
308 1812 408 1865 paucos
425 1794 522 1848 diesin
542 1812 634 1847 eorum
651 1794 750 1847 finibus
766 1803 886 1848 moratus
903 1812 945 1848 om

102 1865 171 1917 vicis
187 1866 371 1934 aedificiisque
390 1865 506 1917 incensis
523 1864 719 1932 frumentisque
737 1865 849 1916 succisis
866 1881 894 1917 se
912 1866 938 1917 in

102 1933 231 1987 Ubiorum
255 1936 362 2004 recepit,
382 1945 463 2002 atque
488 1935 519 1985 iis
539 1934 668 1986 auxilium
688 1950 767 1986 suum
786 1932 927 2004 pollicitus,
946 1956 948 1986 r

102 2003 197 2057 Suevis
220 2012 410 2073 premerentur,
432 2003 500 2055 haec
520 2002 608 2055 abiis
630 2003 767 2070 cognovit:
793 2004 900 2072 Suevos,
921 2019 948 2072 pt

101 2089 183 2141 quam
204 2091 251 2143 per
268 2073 446 2142 exploratores
463 2081 571 2140 pontem
591 2072 648 2125 fieri
666 2072 865 2141 comperissent,
884 2089 948 2124 mort

101 2143 213 2194 concilio
231 2143 322 2195 habito
340 2142 445 2194 nuntios
464 2143 490 2193 in
508 2158 603 2193 omnes
620 2149 709 2209 partes
725 2140 868 2209 dimisisse,
882 2141 948 2193 utid

101 2211 171 2280 pidis
189 2212 377 2282 demigrarent,
386 2210 490 2280 liberos,
505 2227 601 2264 uxores
618 2226 720 2278 suaque
738 2211 828 2261 omnia
846 2210 872 2262 in
892 2210 949 2263 silvi

100 2290 236 2350 ponerent,
255 2291 336 2350 atque
354 2296 455 2349 omnes,
469 2282 514 2348 qui
532 2296 607 2332 arma
625 2279 693 2331 ferre
711 2287 827 2348 possent,
841 2296 925 2332 unum
942 2279 949 2330 i

100 2365 163 2402 curn
176 2351 361 2403 convenirent:
380 2349 452 2402 hunc
464 2367 524 2401 esse
536 2349 672 2401 delectum
685 2347 807 2400 medium
819 2348 875 2400 fere
884 2349 948 2416 regit

101 2436 202 2492 earum,
216 2436 284 2488 quas
307 2419 387 2472 Suevi
410 2418 575 2471 obtinerent:
603 2416 647 2469 hic
670 2418 849 2471 Romanorum
875 2417 948 2469 adver

100 2497 256 2557 exspectare
268 2498 349 2558 atque
362 2487 398 2540 ibi
411 2488 548 2539 decertare
562 2486 741 2539 constituisse.
777 2485 854 2543 Quod
867 2486 948 2538 ubic

99 2557 235 2627 comperit,
255 2558 379 2611 omnibus
396 2556 478 2609 rebus
495 2556 537 2608 his
554 2555 690 2624 confectis,
703 2571 817 2623 quarum
833 2571 921 2606 rerum
940 2571 948 2606 t

99 2625 239 2679 traducere
258 2627 405 2679 exercitum
425 2625 605 2693 constituerat,
624 2625 663 2676 ut²
680 2624 823 2676 Germanis
840 2632 946 2676 metum

98 2703 179 2767 ceret,
193 2703 222 2749 ut
234 2695 387 2764 Sigambros
403 2695 582 2764 ulcisceretur,
595 2703 624 2746 ut
636 2692 719 2746 Ubios
730 2692 879 2745 obsidione⁸
889 2692 948 2746 liber

127 2885 213 2935 ¹That
224 2886 254 2942 is,
260 2888 327 2948 suga
334 2892 431 2946 parata,
444 2897 471 2929 as
482 2881 507 2929 in
517 2880 558 2928 vii.
570 2882 607 2926 61.

127 2976 136 3003 ¹
145 2972 201 3021 The
211 2971 279 3020 three
291 2968 415 3029 following
426 2967 521 3016 clauses
532 2965 664 3026 beginning
672 2964 732 3012 with
743 2972 771 3013 ut
782 2964 879 3012 contain
889 2979 948 3012 meri

97 3030 291 3092 explanationes
303 3029 344 3077 the
356 3027 485 3088 preceding
495 3025 586 3082 words,
598 3026 704 3072 omnibus
716 3025 784 3071 rebus
794 3025 831 3071 his
841 3025 948 3085 consectis

126 3117 200 3166 'The
212 3115 279 3164 word
289 3117 385 3171 obsidio,
402 3113 527 3174 ‘asiege‚’
539 3111 611 3159 when
622 3110 691 3167 used,
705 3127 731 3158 as
742 3110 809 3166 hers,
823 3110 851 3158 of
858 3127 873 3159 a
884 3127 947 3160 coun

96 3177 188 3286 ppitiqq
201 3186 267 3224 must
282 3176 313 3224 be
329 3174 446 3224 rendered
457 3175 489 3233 by
504 3172 637 3233 ‘pressure'
651 3185 678 3219 or
691 3170 864 3230 ‘oppressirn'
901 3171 948 3222 Cor
