2250 3736
492 257 584 296 uasa
604 258 625 298 1.
981 240 1022 297 55

89 364 118 416 in
139 370 228 416 castra
247 364 359 417 reduxit.
396 366 465 418 Cum
485 381 519 418 ex
537 365 650 434 captivis
667 374 807 434 quaereret
820 366 925 434 Caesar,
939 382 1020 433 quam

88 434 127 486 ob
148 450 209 485 rem
228 435 379 487 Ariovistus
402 433 510 502 proelio¹
529 452 581 487 non
600 434 758 503 decertaret,
779 433 849 488 hanc
874 435 1023 505 reperiebat

88 518 215 572 causam,
228 503 298 572 quod
310 502 382 572 apud
395 503 543 556 Germanos
555 521 588 556 ea
600 505 764 557 consuetudo
782 516 861 573 esset,
876 514 905 558 at
923 514 1023 557 matres

89 571 226 624 familiae³
243 589 336 626 eorum
355 572 470 626 sortibus
493 582 520 625 et
538 574 773 627 vaticinationibus
790 574 963 642 declararent,
984 583 1023 627 ut-

90 657 157 694 rum
168 641 297 712 proelium
311 641 444 694 committi
462 659 496 694 ex
514 660 564 695 usu
582 651 661 711 esset,
675 660 776 697 necue:
797 661 844 696 eas
861 645 899 696 ita
916 645 1021 697 dicere:

90 727 149 764 ncn
162 728 222 763 esse
235 711 276 764 las
287 712 436 765 Germanos
448 729 581 782 superare,
591 713 614 764 si
626 721 688 764 ante
701 730 799 767 novam
811 713 913 767 lunam⁸
924 715 1023 784 proelio

92 780 307 833 contendissent.

131 853 175 904 61.
191 850 320 903 Postridie
333 847 393 920 ejus
404 849 458 902 diei
472 850 708 919 Caesarpraesidio
720 852 838 920 utrisque
851 852 1023 920 castrisquod

91 919 165 972 satis
177 936 236 972 esse
250 920 339 973 risum
352 927 393 971 est
405 920 511 988 reliquit
518 936 526 989 3
544 936 639 972 omnes
650 921 754 974 alarios⁴
767 922 791 974 in
805 932 950 991 conspectu
964 922 1023 974 hos-

91 989 167 1041 tium
182 1004 227 1058 pro
240 989 334 1041 castris
351 988 498 1041 minoribus
516 989 659 1059 constituit,
672 1008 725 1059 quo
744 991 834 1044 minus
851 992 1023 1045 multitudine

91 1057 216 1111 militum
240 1058 443 1126 legionariorum
466 1076 513 1128 pro
537 1057 652 1112 hostium
678 1078 789 1113 numero
807 1061 921 1129 valebat,
942 1073 970 1114 ut
988 1061 1023 1114 ad

92 1127 218 1196 speciem
237 1128 328 1180 alariis
341 1136 474 1197 uteretur,
492 1129 549 1196 ipse
562 1129 656 1198 triplici
675 1131 803 1182 instructa
814 1130 873 1183 acie
886 1149 971 1198 usque
988 1130 1023 1183 ad

93 1205 188 1248 castra
204 1196 322 1250 hostium
346 1198 467 1250 accessit.
505 1199 576 1250 Tum
594 1200 706 1251 demum
725 1200 877 1252 necessario
895 1199 1024 1252 Germani

92 1282 163 1319 suas
188 1267 278 1336 copias
302 1267 396 1319 castris
421 1266 570 1320 eduxerunt
593 1269 797 1337 generatimque
822 1269 1023 1339 constituerunt,

92 1335 209 1405 paribus
232 1336 378 1388 intervallis
404 1337 532 1406 Harudes,
560 1337 755 1407 Marcomanos,
784 1338 935 1407 Triboccos,
955 1338 1024 1390 Van·

92 1406 201 1474 giones,
220 1405 358 1474 Nemetes,
378 1405 512 1476 Sedusios,
531 1405 640 1474 Suevos,
659 1424 823 1476 omnemque
840 1408 929 1460 aciem
947 1425 1025 1462 suam

93 1473 192 1526 rhedis
202 1482 230 1526 et
241 1476 322 1527 carris
333 1474 575 1546 circumdederunt,
589 1494 623 1529 ne
635 1493 689 1544 qua
701 1494 763 1556 spes
776 1479 801 1530 in
815 1477 879 1545 luga
892 1477 1024 1546 relinque·

93 1552 181 1595 retur.
218 1545 257 1597 Eo
276 1543 404 1597 mulieres
422 1545 613 1614 imposuerunt,
626 1563 696 1614 quae
715 1564 741 1598 rn
760 1547 889 1615 proelium
909 1547 1025 1615 proficis·

93 1621 194 1666 centes
205 1615 291 1682 passis
302 1613 437 1667 manibus
446 1615 542 1667 flentes
554 1615 739 1686 implorabant,
750 1633 783 1668 ne
793 1633 822 1668 se
832 1616 857 1668 in
868 1617 1025 1669 servitutem

93 1683 227 1738 Romanis
238 1682 381 1736 traderent.

135 1756 179 1804 52.
198 1753 295 1804 Caesar
313 1752 424 1821 singulis
447 1751 597 1820 legionibus
621 1753 739 1822 singulos
763 1754 866 1822 legatos
884 1763 910 1806 et
928 1771 1024 1823 quaes·

94 1822 196 1874 torem⁰
206 1821 342 1892 praefecit,
355 1823 395 1884 uti
407 1839 453 1874 eos
472 1831 555 1875 testes
573 1840 637 1875 suae
649 1823 763 1892 quisque
776 1824 879 1877 virtutis
897 1823 1025 1893 haberet;

93 1890 158 1960 ipse
167 1907 184 1941 a
192 1889 284 1943 dextro
296 1908 385 1961 cornu,
395 1892 465 1961 quod
478 1909 539 1944 eam
553 1902 656 1961 partem
668 1893 779 1946 minime
788 1893 894 1946 firmam
907 1893 1025 1947 hostium

94 1977 161 2012 esse
174 1961 296 2013 animum
308 1960 467 2032 adverterat,
477 1961 604 2029 proelium
618 1962 762 2015 commisit.
789 1964 829 2015 lta
838 1963 918 2015 nostri
930 1964 1026 2016 acriter

95 2029 127 2082 in
140 2028 231 2082 hostes
249 2031 324 2098 signo
336 2030 397 2082 dato
410 2031 543 2098 impetum
556 2032 684 2096 fecerunt,
698 2033 788 2101 itaque
806 2032 896 2085 hostes
915 2043 1024 2101 repente

93 2097 274 2167 celeriterque
283 2108 476 2170 procurrerunt,
485 2107 514 2152 ut
522 2101 638 2168 spatium
651 2100 704 2170 pila
716 2104 743 2154 in
757 2102 848 2153 hostes
865 2101 1025 2172 conJrciendi

94 2183 152 2220 non
165 2167 279 2220 daretur.
316 2167 434 2238 Rejectis
452 2169 514 2237 pilis
531 2171 682 2223 comminus
699 2171 795 2239 gladiis
815 2181 960 2237 pugnaturn
974 2179 1024 2224 est.

95 2238 136 2290 Ar
149 2236 276 2289 Germani
293 2237 417 2290 celeriter
429 2255 463 2290 ex
474 2239 668 2292 consuetudine
686 2258 735 2292 sua
747 2239 880 2308 phalange
893 2239 963 2292 lacta
975 2241 1024 2293 im·

95 2312 181 2375 petus
191 2305 341 2373 gladiorum
359 2317 530 2376 excepemnt.
568 2310 675 2378 Reperti
694 2319 755 2363 sunt
774 2308 925 2377 complures
943 2310 1024 2362 nostri

95 2373 208 2445 milites,
222 2376 268 2444 qui
286 2377 313 2428 in
331 2376 479 2446 phalangas
497 2377 626 2431 insilirent
645 2387 672 2431 et
690 2387 766 2431 scuta
778 2379 903 2431 manibus
914 2379 1025 2432 revelle-

95 2557 270 2678 pa¹nProelium
280 2560 338 2611 here
349 2562 370 2611 is
382 2578 396 2611 a
406 2563 502 2624 regular
512 2563 597 2622 battle,
608 2566 634 2612 in
642 2563 723 2613 which
733 2563 775 2611 the
784 2562 865 2612 whole
876 2579 944 2623 army
953 2562 1024 2613 takes

129 2689 203 2738 ’The
215 2691 309 2741 ancient
323 2693 443 2743 Gemens
462 2693 573 2744 believed
591 2695 644 2744 that
663 2696 705 2745 the
721 2695 809 2744 female
826 2710 870 2743 sex
886 2694 933 2742 had
944 2710 1024 2743 some-

95 2748 171 2810 thing
195 2753 363 2811 snpernatural
389 2756 463 2802 about
483 2755 511 2812 it,
534 2754 582 2803 and
601 2772 653 2804 was
679 2754 797 2804 endowed
818 2753 878 2802 with
900 2753 1025 2813 prophetie

95 2823 203 2869 powers.

112 2896 212 2965 ,⁸This
230 2899 309 2947 oracle
328 2901 421 2960 applies
438 2901 496 2970 only
514 2911 540 2951 to
557 2902 599 2950 the
616 2910 714 2962 present
728 2915 796 2970 ,case
812 2899 868 2957 and,
882 2909 906 2948 at
923 2901 1025 2950 another

96 2965 169 3011 time,
182 2956 224 3004 the
236 2973 332 3007 women
343 2961 420 3020 might
432 2960 515 3009 advisa
527 2961 568 3010 the
580 2978 639 3022 very
650 2971 768 3020 opposite.

98 3042 204 3156 ,aglae
215 3046 289 3093 alarii
304 3061 344 3094 are
360 3046 402 3094 the
413 3047 560 3106 auxiliarios,
573 3049 629 3097 who
641 3064 706 3096 were
717 3048 801 3097 drawn
812 3063 844 3107 up
856 3057 880 3096 at
891 3048 933 3096 the
945 3048 1024 3110 wings

128 3177 214 3225 ⁶Thar
225 3176 256 3233 is,
269 3177 329 3225 with
340 3177 404 3225 their
414 3177 492 3226 hands
503 3180 629 3227 stretehed
639 3188 690 3228 out.

128 3250 205 3298 ‘The
240 3260 346 3306 caestor,
364 3250 481 3311 probably
497 3251 538 3298 the
554 3261 670 3310 quaestor
679 3253 707 3300 of
718 3251 760 3300 tha
776 3251 889 3311 province
904 3252 932 3300 cs
948 3252 1022 3308 Gaul,

97 3326 183 3361 ”ems
194 3319 219 3358 to
248 3324 293 3358 ave
305 3309 417 3369 supplied
428 3310 469 3358 the
481 3309 548 3370 place
559 3309 588 3358 of
599 3325 614 3358 a
624 3310 714 3372 legate,
728 3327 755 3360 as
766 3312 791 3359 in
801 3325 824 3357 r.
836 3312 873 3356 24.
