<?xml version="1.0" encoding="UTF-8"?>
<!DOCTYPE html PUBLIC "-//W3C//DTD XHTML 1.0 Transitional//EN"
    "http://www.w3.org/TR/xhtml1/DTD/xhtml1-transitional.dtd">
<html xmlns="http://www.w3.org/1999/xhtml" xml:lang="en" lang="en">
 <head>
  <title>
</title>
<meta http-equiv="Content-Type" content="text/html;charset=utf-8" />
  <meta name='ocr-system' content='tesseract 3.04.00' />
  <meta name='ocr-capabilities' content='ocr_page ocr_carea ocr_par ocr_line ocrx_word'/>
</head>
<body>
  <div class='ocr_page' id='page_1' title='image "./commentariidebe00caesgoog_0123.png"; bbox 0 0 2250 3736; ppageno 0'>
   <div class='ocr_carea' id='block_1_1' title="bbox 103 235 743 294">
    <p class='ocr_par' dir='ltr' id='par_1_1' title="bbox 103 235 743 294">
     <span class='ocr_line' id='line_1_1' title="bbox 103 235 743 294; baseline -0.009 0"><span class='ocrx_word' id='word_1_1' title='bbox 103 235 160 294; x_wconf 83' lang='lat'>114</span> <span class='ocrx_word' id='word_1_2' title='bbox 404 250 445 290; x_wconf 82' lang='lat' dir='ltr'>nu</span> <span class='ocrx_word' id='word_1_3' title='bbox 466 249 564 289; x_wconf 80' lang='lat' dir='ltr'>annno</span> <span class='ocrx_word' id='word_1_4' title='bbox 585 249 743 290; x_wconf 73' lang='lat' dir='ltr'>cancico.-</span> 
     </span>
    </p>
   </div>
   <div class='ocr_carea' id='block_1_2' title="bbox 96 353 1018 2294">
    <p class='ocr_par' dir='ltr' id='par_1_2' title="bbox 99 353 1018 499">
     <span class='ocr_line' id='line_1_2' title="bbox 100 353 1018 428; baseline -0.009 -14"><span class='ocrx_word' id='word_1_5' title='bbox 100 378 167 428; x_wconf 86' lang='lat' dir='ltr'>rum,</span> <span class='ocrx_word' id='word_1_6' title='bbox 182 360 279 413; x_wconf 89' lang='lat' dir='ltr'>Caesar</span> <span class='ocrx_word' id='word_1_7' title='bbox 296 356 403 410; x_wconf 90' lang='lat' dir='ltr'>obsides</span> <span class='ocrx_word' id='word_1_8' title='bbox 420 358 533 427; x_wconf 89' lang='lat' dir='ltr'>imperat</span> <span class='ocrx_word' id='word_1_9' title='bbox 552 374 650 425; x_wconf 89' lang='lat' dir='ltr'>eosque</span> <span class='ocrx_word' id='word_1_10' title='bbox 668 357 703 410; x_wconf 92' lang='lat' dir='ltr'>ad</span> <span class='ocrx_word' id='word_1_11' title='bbox 723 363 825 409; x_wconf 89' lang='lat' dir='ltr'>certam</span> <span class='ocrx_word' id='word_1_12' title='bbox 837 355 910 410; x_wconf 92' lang='lat' dir='ltr'>diem</span> <span class='ocrx_word' id='word_1_13' title='bbox 925 353 1018 407; x_wconf 62' lang='lat' dir='ltr'>ad‘</span> 
     </span>
     <span class='ocr_line' id='line_1_3' title="bbox 99 426 976 499; baseline -0.006 -17"><span class='ocrx_word' id='word_1_14' title='bbox 99 429 188 499; x_wconf 86' lang='lat' dir='ltr'>jubet:</span> <span class='ocrx_word' id='word_1_15' title='bbox 210 429 260 481; x_wconf 91' lang='lat' dir='ltr'>nisi</span> <span class='ocrx_word' id='word_1_16' title='bbox 272 428 309 478; x_wconf 91' lang='lat' dir='ltr'>ita</span> <span class='ocrx_word' id='word_1_17' title='bbox 321 427 439 495; x_wconf 81' lang='lat' dir='ltr'>fecerint,</span> <span class='ocrx_word' id='word_1_18' title='bbox 454 445 513 479; x_wconf 92' lang='lat' dir='ltr'>sese</span> <span class='ocrx_word' id='word_1_19' title='bbox 526 426 596 479; x_wconf 92' lang='lat' dir='ltr'>bello</span> <span class='ocrx_word' id='word_1_20' title='bbox 608 428 746 478; x_wconf 89' lang='lat' dir='ltr'>civitatem</span> <span class='ocrx_word' id='word_1_21' title='bbox 763 434 976 495; x_wconf 68' lang='lat' dir='ltr'>persecuturum</span> 
     </span>
    </p>

    <p class='ocr_par' dir='ltr' id='par_1_3' title="bbox 99 495 1018 634">
     <span class='ocr_line' id='line_1_4' title="bbox 99 495 1018 565; baseline -0.008 -15"><span class='ocrx_word' id='word_1_22' title='bbox 99 506 237 550; x_wconf 85' lang='lat' dir='ltr'>monstrat.</span> <span class='ocrx_word' id='word_1_23' title='bbox 273 496 323 548; x_wconf 90' lang='lat' dir='ltr'>His</span> <span class='ocrx_word' id='word_1_24' title='bbox 340 496 373 548; x_wconf 86' lang='lat' dir='ltr'>ad</span> <span class='ocrx_word' id='word_1_25' title='bbox 393 496 466 549; x_wconf 89' lang='lat' dir='ltr'>diem</span> <span class='ocrx_word' id='word_1_26' title='bbox 480 496 611 565; x_wconf 79' lang='lat' dir='ltr'>adductis,</span> <span class='ocrx_word' id='word_1_27' title='bbox 624 505 654 548; x_wconf 87' lang='lat' dir='ltr'>ut</span> <span class='ocrx_word' id='word_1_28' title='bbox 666 497 851 564; x_wconf 85' lang='lat' dir='ltr'>imperaverat,</span> <span class='ocrx_word' id='word_1_29' title='bbox 864 495 1018 547; x_wconf 53' lang='lat' dir='ltr'>arbitro&amp;</span> 
     </span>
     <span class='ocr_line' id='line_1_5' title="bbox 99 564 1018 634; baseline -0.005 -15"><span class='ocrx_word' id='word_1_30' title='bbox 99 576 140 619; x_wconf 91' lang='lat' dir='ltr'>ter</span> <span class='ocrx_word' id='word_1_31' title='bbox 152 568 274 619; x_wconf 87' lang='lat' dir='ltr'>civitates</span> <span class='ocrx_word' id='word_1_32' title='bbox 285 565 338 634; x_wconf 87' lang='lat' dir='ltr'>dat,</span> <span class='ocrx_word' id='word_1_33' title='bbox 352 567 398 634; x_wconf 92' lang='lat' dir='ltr'>qui</span> <span class='ocrx_word' id='word_1_34' title='bbox 411 565 487 617; x_wconf 88' lang='lat' dir='ltr'>litem</span> <span class='ocrx_word' id='word_1_35' title='bbox 500 567 652 617; x_wconf 90' lang='lat' dir='ltr'>aestiment¹</span> <span class='ocrx_word' id='word_1_36' title='bbox 664 580 833 634; x_wconf 84' lang='lat' dir='ltr'>poenamque</span> <span class='ocrx_word' id='word_1_37' title='bbox 846 564 1018 616; x_wconf 59' lang='lat' dir='ltr'>constitue·</span> 
     </span>
    </p>

    <p class='ocr_par' dir='ltr' id='par_1_4' title="bbox 96 632 1018 1656">
     <span class='ocr_line' id='line_1_6' title="bbox 136 632 1018 703; baseline -0.008 -16"><span class='ocrx_word' id='word_1_38' title='bbox 136 641 160 687; x_wconf 86' lang='lat'>2.</span> <span class='ocrx_word' id='word_1_39' title='bbox 185 636 235 688; x_wconf 89' lang='lat' dir='ltr'>His</span> <span class='ocrx_word' id='word_1_40' title='bbox 254 634 382 686; x_wconf 89' lang='lat' dir='ltr'>confectis</span> <span class='ocrx_word' id='word_1_41' title='bbox 403 635 483 687; x_wconf 89' lang='lat' dir='ltr'>rebus</span> <span class='ocrx_word' id='word_1_42' title='bbox 502 634 731 703; x_wconf 90' lang='lat' dir='ltr'>conventibusque</span> <span class='ocrx_word' id='word_1_43' title='bbox 752 633 874 703; x_wconf 80' lang='lat' dir='ltr'>peractis,</span> <span class='ocrx_word' id='word_1_44' title='bbox 893 634 920 685; x_wconf 91' lang='lat' dir='ltr'>in</span> <span class='ocrx_word' id='word_1_45' title='bbox 940 632 1018 684; x_wconf 65' lang='lat' dir='ltr'>cit</span> 
     </span>
     <span class='ocr_line' id='line_1_7' title="bbox 99 697 1018 772; baseline -0.003 -16"><span class='ocrx_word' id='word_1_46' title='bbox 99 721 173 758; x_wconf 89' lang='lat' dir='ltr'>orem</span> <span class='ocrx_word' id='word_1_47' title='bbox 186 705 302 758; x_wconf 89' lang='lat' dir='ltr'>Galliam</span> <span class='ocrx_word' id='word_1_48' title='bbox 315 704 454 756; x_wconf 87' lang='lat' dir='ltr'>revertitur</span> <span class='ocrx_word' id='word_1_49' title='bbox 465 713 545 772; x_wconf 90' lang='lat' dir='ltr'>atque</span> <span class='ocrx_word' id='word_1_50' title='bbox 558 703 619 755; x_wconf 92' lang='lat' dir='ltr'>inde</span> <span class='ocrx_word' id='word_1_51' title='bbox 631 703 666 755; x_wconf 95' lang='lat' dir='ltr'>ad</span> <span class='ocrx_word' id='word_1_52' title='bbox 679 704 827 756; x_wconf 86' lang='lat' dir='ltr'>exercitum</span> <span class='ocrx_word' id='word_1_53' title='bbox 841 697 1000 772; x_wconf 73' lang='lat' dir='ltr'>proficisci</span> <span class='ocrx_word' id='word_1_54' title='bbox 1016 704 1018 710; x_wconf 84' lang='lat'>&#39;</span> 
     </span>
     <span class='ocr_line' id='line_1_8' title="bbox 101 771 1018 844; baseline -0.004 -18"><span class='ocrx_word' id='word_1_55' title='bbox 101 775 141 826; x_wconf 87' lang='lat' dir='ltr'>Eo</span> <span class='ocrx_word' id='word_1_56' title='bbox 156 792 240 844; x_wconf 90' lang='lat' dir='ltr'>quum</span> <span class='ocrx_word' id='word_1_57' title='bbox 254 774 379 841; x_wconf 79' lang='lat' dir='ltr'>venisset,</span> <span class='ocrx_word' id='word_1_58' title='bbox 393 773 510 825; x_wconf 90' lang='lat' dir='ltr'>circuitis</span> <span class='ocrx_word' id='word_1_59' title='bbox 527 773 652 825; x_wconf 90' lang='lat' dir='ltr'>omnibus</span> <span class='ocrx_word' id='word_1_60' title='bbox 669 771 795 841; x_wconf 85' lang='lat' dir='ltr'>hibernis,</span> <span class='ocrx_word' id='word_1_61' title='bbox 810 771 937 840; x_wconf 81' lang='lat' dir='ltr'>singulari</span> <span class='ocrx_word' id='word_1_62' title='bbox 956 776 1018 823; x_wconf 68' lang='grc' dir='ltr'>ιί</span> 
     </span>
     <span class='ocr_line' id='line_1_9' title="bbox 99 840 960 912; baseline -0.005 -17"><span class='ocrx_word' id='word_1_63' title='bbox 99 852 158 896; x_wconf 91' lang='lat' dir='ltr'>tum</span> <span class='ocrx_word' id='word_1_64' title='bbox 181 843 276 912; x_wconf 82' lang='lat' dir='ltr'>studio,</span> <span class='ocrx_word' id='word_1_65' title='bbox 298 843 324 894; x_wconf 91' lang='lat' dir='ltr'>in</span> <span class='ocrx_word' id='word_1_66' title='bbox 348 859 456 894; x_wconf 91' lang='lat' dir='ltr'>summa</span> <span class='ocrx_word' id='word_1_67' title='bbox 478 843 599 894; x_wconf 86' lang='lat' dir='ltr'>omniurn</span> <span class='ocrx_word' id='word_1_68' title='bbox 624 858 712 894; x_wconf 90' lang='lat' dir='ltr'>rerum</span> <span class='ocrx_word' id='word_1_69' title='bbox 735 841 833 912; x_wconf 90' lang='lat' dir='ltr'>inopia,</span> <span class='ocrx_word' id='word_1_70' title='bbox 854 840 960 894; x_wconf 84' lang='lat' dir='ltr'>circiter</span> 
     </span>
     <span class='ocr_line' id='line_1_10' title="bbox 98 909 1018 982; baseline -0.003 -17"><span class='ocrx_word' id='word_1_71' title='bbox 98 912 159 982; x_wconf 87' lang='lat' dir='ltr'>ejus</span> <span class='ocrx_word' id='word_1_72' title='bbox 177 913 290 981; x_wconf 88' lang='lat' dir='ltr'>generis,</span> <span class='ocrx_word' id='word_1_73' title='bbox 310 910 397 981; x_wconf 66' lang='lat' dir='ltr'>cujus*</span> <span class='ocrx_word' id='word_1_74' title='bbox 414 928 494 979; x_wconf 90' lang='lat' dir='ltr'>supra</span> <span class='ocrx_word' id='word_1_75' title='bbox 512 911 762 979; x_wconf 85' lang='lat' dir='ltr'>demonstravimus,</span> <span class='ocrx_word' id='word_1_76' title='bbox 783 926 868 962; x_wconf 87' lang='lat' dir='ltr'>naves</span> <span class='ocrx_word' id='word_1_77' title='bbox 886 919 913 962; x_wconf 89' lang='lat' dir='ltr'>et</span> <span class='ocrx_word' id='word_1_78' title='bbox 933 909 1018 962; x_wconf 76' lang='lat'>10111&#39;</span> 
     </span>
     <span class='ocr_line' id='line_1_11' title="bbox 98 979 1018 1049; baseline -0.003 -14"><span class='ocrx_word' id='word_1_79' title='bbox 98 999 200 1036; x_wconf 78' lang='lat' dir='ltr'>xxvnr.</span> <span class='ocrx_word' id='word_1_80' title='bbox 212 982 313 1034; x_wconf 88' lang='lat' dir='ltr'>invenit</span> <span class='ocrx_word' id='word_1_81' title='bbox 332 981 481 1049; x_wconf 87' lang='lat' dir='ltr'>instructas,</span> <span class='ocrx_word' id='word_1_82' title='bbox 498 997 587 1049; x_wconf 91' lang='lat' dir='ltr'>neque</span> <span class='ocrx_word' id='word_1_83' title='bbox 605 981 721 1033; x_wconf 89' lang='lat' dir='ltr'>multum</span> <span class='ocrx_word' id='word_1_84' title='bbox 738 979 836 1033; x_wconf 87' lang='lat' dir='ltr'>abesse</span> <span class='ocrx_word' id='word_1_85' title='bbox 854 980 889 1032; x_wconf 90' lang='lat' dir='ltr'>ab</span> <span class='ocrx_word' id='word_1_86' title='bbox 907 997 948 1048; x_wconf 87' lang='lat' dir='ltr'>eo,</span> <span class='ocrx_word' id='word_1_87' title='bbox 960 983 1018 1047; x_wconf 75' lang='lat'>‹1&#39;</span> 
     </span>
     <span class='ocr_line' id='line_1_12' title="bbox 98 1049 978 1120; baseline -0.001 -18"><span class='ocrx_word' id='word_1_88' title='bbox 98 1052 191 1120; x_wconf 82' lang='lat' dir='ltr'>paucis</span> <span class='ocrx_word' id='word_1_89' title='bbox 203 1051 300 1104; x_wconf 89' lang='lat' dir='ltr'>diebus</span> <span class='ocrx_word' id='word_1_90' title='bbox 312 1050 420 1102; x_wconf 76' lang='lat' dir='ltr'>deduci&#39;</span> <span class='ocrx_word' id='word_1_91' title='bbox 428 1058 545 1118; x_wconf 86' lang='lat' dir='ltr'>possent.</span> <span class='ocrx_word' id='word_1_92' title='bbox 576 1049 739 1102; x_wconf 87' lang='lat' dir='ltr'>Collaudatis</span> <span class='ocrx_word' id='word_1_93' title='bbox 751 1049 883 1102; x_wconf 86' lang='lat' dir='ltr'>militibus</span> <span class='ocrx_word' id='word_1_94' title='bbox 891 1057 978 1118; x_wconf 82' lang='lat' dir='ltr'>atque</span> 
     </span>
     <span class='ocr_line' id='line_1_13' title="bbox 98 1118 1018 1189; baseline -0.001 -17"><span class='ocrx_word' id='word_1_95' title='bbox 98 1121 144 1189; x_wconf 94' lang='lat' dir='ltr'>qui</span> <span class='ocrx_word' id='word_1_96' title='bbox 156 1121 262 1189; x_wconf 87' lang='lat' dir='ltr'>negotio</span> <span class='ocrx_word' id='word_1_97' title='bbox 274 1119 451 1187; x_wconf 82' lang='lat' dir='ltr'>praefuerant,</span> <span class='ocrx_word' id='word_1_98' title='bbox 464 1118 529 1187; x_wconf 92' lang='lat' dir='ltr'>quid</span> <span class='ocrx_word' id='word_1_99' title='bbox 540 1118 599 1171; x_wconf 91' lang='lat' dir='ltr'>fieri</span> <span class='ocrx_word' id='word_1_100' title='bbox 613 1119 685 1188; x_wconf 89' lang='lat' dir='ltr'>velit,</span> <span class='ocrx_word' id='word_1_101' title='bbox 699 1118 814 1171; x_wconf 86' lang='lat' dir='ltr'>ostendit</span> <span class='ocrx_word' id='word_1_102' title='bbox 829 1128 912 1187; x_wconf 91' lang='lat' dir='ltr'>atque</span> <span class='ocrx_word' id='word_1_103' title='bbox 931 1125 1018 1171; x_wconf 71' lang='lat'>01111</span> 
     </span>
     <span class='ocr_line' id='line_1_14' title="bbox 97 1187 1018 1267; baseline -0.003 -26"><span class='ocrx_word' id='word_1_104' title='bbox 97 1190 132 1242; x_wconf 89' lang='lat' dir='ltr'>ad</span> <span class='ocrx_word' id='word_1_105' title='bbox 151 1201 256 1259; x_wconf 89' lang='lat' dir='ltr'>portum</span> <span class='ocrx_word' id='word_1_106' title='bbox 274 1189 364 1243; x_wconf 71' lang='lat' dir='ltr'>Itium*</span> <span class='ocrx_word' id='word_1_107' title='bbox 377 1190 519 1240; x_wconf 84' lang='lat' dir='ltr'>convenire</span> <span class='ocrx_word' id='word_1_108' title='bbox 536 1187 620 1267; x_wconf 85' lang='lat' dir='ltr'>jubet,</span> <span class='ocrx_word' id='word_1_109' title='bbox 634 1205 687 1257; x_wconf 90' lang='lat' dir='ltr'>quo</span> <span class='ocrx_word' id='word_1_110' title='bbox 699 1205 733 1240; x_wconf 86' lang='lat' dir='ltr'>ex</span> <span class='ocrx_word' id='word_1_111' title='bbox 744 1195 821 1257; x_wconf 92' lang='lat' dir='ltr'>portu</span> <span class='ocrx_word' id='word_1_112' title='bbox 839 1187 1018 1260; x_wconf 63' lang='lat' dir='ltr'>commodi?</span> 
     </span>
     <span class='ocr_line' id='line_1_15' title="bbox 97 1256 1009 1325; baseline -0.008 -13"><span class='ocrx_word' id='word_1_113' title='bbox 97 1275 173 1312; x_wconf 89' lang='lat' dir='ltr'>mum</span> <span class='ocrx_word' id='word_1_114' title='bbox 198 1260 224 1311; x_wconf 91' lang='lat' dir='ltr'>in</span> <span class='ocrx_word' id='word_1_115' title='bbox 248 1258 412 1310; x_wconf 84' lang='lat' dir='ltr'>Britanniam</span> <span class='ocrx_word' id='word_1_116' title='bbox 436 1266 624 1310; x_wconf 78' lang='lat' dir='ltr'>transmissum</span> <span class='ocrx_word' id='word_1_117' title='bbox 644 1274 705 1309; x_wconf 89' lang='lat' dir='ltr'>esse</span> <span class='ocrx_word' id='word_1_118' title='bbox 725 1266 895 1325; x_wconf 88' lang='lat' dir='ltr'>cognoverat,</span> <span class='ocrx_word' id='word_1_119' title='bbox 918 1256 1009 1308; x_wconf 69' lang='lat' dir='ltr'>circ:</span> 
     </span>
     <span class='ocr_line' id='line_1_16' title="bbox 97 1325 1018 1396; baseline -0.004 -16"><span class='ocrx_word' id='word_1_120' title='bbox 97 1329 203 1380; x_wconf 86' lang='lat' dir='ltr'>milium</span> <span class='ocrx_word' id='word_1_121' title='bbox 216 1344 343 1396; x_wconf 86' lang='lat' dir='ltr'>passuum</span> <span class='ocrx_word' id='word_1_122' title='bbox 356 1345 421 1379; x_wconf 82' lang='lat' dir='ltr'><strong>xxx.</strong></span> <span class='ocrx_word' id='word_1_123' title='bbox 433 1344 450 1378; x_wconf 91' lang='lat' dir='ltr'>a</span> <span class='ocrx_word' id='word_1_124' title='bbox 462 1327 615 1379; x_wconf 91' lang='lat' dir='ltr'>continenti.</span> <span class='ocrx_word' id='word_1_125' title='bbox 651 1327 722 1379; x_wconf 86' lang='lat' dir='ltr'>Huic</span> <span class='ocrx_word' id='word_1_126' title='bbox 740 1327 788 1378; x_wconf 83' lang='lat' dir='ltr'>rei⁵</span> <span class='ocrx_word' id='word_1_127' title='bbox 800 1325 872 1394; x_wconf 92' lang='lat' dir='ltr'>quod</span> <span class='ocrx_word' id='word_1_128' title='bbox 885 1327 953 1378; x_wconf 89' lang='lat' dir='ltr'>satis</span> <span class='ocrx_word' id='word_1_129' title='bbox 965 1330 1018 1393; x_wconf 66' lang='grc' dir='ltr'>εξ</span> 
     </span>
     <span class='ocr_line' id='line_1_17' title="bbox 97 1392 1018 1464; baseline -0.001 -16"><span class='ocrx_word' id='word_1_130' title='bbox 97 1398 187 1449; x_wconf 86' lang='lat' dir='ltr'>visum</span> <span class='ocrx_word' id='word_1_131' title='bbox 208 1404 248 1448; x_wconf 90' lang='lat' dir='ltr'>est</span> <span class='ocrx_word' id='word_1_132' title='bbox 273 1396 390 1448; x_wconf 89' lang='lat' dir='ltr'>militum</span> <span class='ocrx_word' id='word_1_133' title='bbox 411 1395 530 1464; x_wconf 90' lang='lat' dir='ltr'>reliquit:</span> <span class='ocrx_word' id='word_1_134' title='bbox 557 1396 614 1464; x_wconf 92' lang='lat' dir='ltr'>ipse</span> <span class='ocrx_word' id='word_1_135' title='bbox 637 1413 701 1448; x_wconf 90' lang='lat' dir='ltr'>curn</span> <span class='ocrx_word' id='word_1_136' title='bbox 721 1394 872 1464; x_wconf 90' lang='lat' dir='ltr'>legionibus</span> <span class='ocrx_word' id='word_1_137' title='bbox 891 1392 1018 1464; x_wconf 79' lang='lat' dir='ltr'>errpetl¹</span> 
     </span>
     <span class='ocr_line' id='line_1_18' title="bbox 98 1464 1018 1534; baseline -0.004 -17"><span class='ocrx_word' id='word_1_138' title='bbox 98 1474 177 1518; x_wconf 85' lang='lat' dir='ltr'>1v.et</span> <span class='ocrx_word' id='word_1_139' title='bbox 196 1464 331 1534; x_wconf 90' lang='lat' dir='ltr'>equitibus</span> <span class='ocrx_word' id='word_1_140' title='bbox 350 1481 427 1518; x_wconf 87' lang='lat' dir='ltr'>noce.</span> <span class='ocrx_word' id='word_1_141' title='bbox 441 1466 468 1517; x_wconf 88' lang='lat' dir='ltr'>in</span> <span class='ocrx_word' id='word_1_142' title='bbox 487 1466 555 1517; x_wconf 87' lang='lat' dir='ltr'>fines</span> <span class='ocrx_word' id='word_1_143' title='bbox 569 1465 739 1518; x_wconf 88' lang='lat' dir='ltr'>Trevirorum</span> <span class='ocrx_word' id='word_1_144' title='bbox 757 1464 941 1533; x_wconf 85' lang='lat' dir='ltr'>proficiscitur,</span> <span class='ocrx_word' id='word_1_145' title='bbox 954 1471 1018 1533; x_wconf 82' lang='lat' dir='ltr'>qu</span> 
     </span>
     <span class='ocr_line' id='line_1_19' title="bbox 96 1529 1018 1603; baseline 0.001 -17"><span class='ocrx_word' id='word_1_146' title='bbox 96 1532 125 1586; x_wconf 92' lang='lat' dir='ltr'>hi</span> <span class='ocrx_word' id='word_1_147' title='bbox 138 1534 272 1603; x_wconf 87' lang='lat' dir='ltr'>nequead</span> <span class='ocrx_word' id='word_1_148' title='bbox 285 1534 398 1586; x_wconf 90' lang='lat' dir='ltr'>concilia</span> <span class='ocrx_word' id='word_1_149' title='bbox 410 1534 561 1603; x_wconf 85' lang='lat' dir='ltr'>veniebant,</span> <span class='ocrx_word' id='word_1_150' title='bbox 574 1551 662 1602; x_wconf 92' lang='lat' dir='ltr'>neque</span> <span class='ocrx_word' id='word_1_151' title='bbox 683 1535 794 1603; x_wconf 85' lang='lat' dir='ltr'>irnperio</span> <span class='ocrx_word' id='word_1_152' title='bbox 812 1533 945 1603; x_wconf 90' lang='lat' dir='ltr'>parebant</span> <span class='ocrx_word' id='word_1_153' title='bbox 962 1529 1018 1587; x_wconf 68' lang='lat'>(3⁴</span> 
     </span>
     <span class='ocr_line' id='line_1_20' title="bbox 96 1602 794 1656; baseline -0.001 -1"><span class='ocrx_word' id='word_1_154' title='bbox 96 1619 176 1656; x_wconf 87' lang='lat' dir='ltr'>mano</span> <span class='ocrx_word' id='word_1_155' title='bbox 211 1621 244 1656; x_wconf 90' lang='lat' dir='ltr'>ue</span> <span class='ocrx_word' id='word_1_156' title='bbox 257 1603 461 1656; x_wconf 88' lang='lat' dir='ltr'>transrhenanos</span> <span class='ocrx_word' id='word_1_157' title='bbox 474 1602 615 1656; x_wconf 90' lang='lat' dir='ltr'>sollicitare</span> <span class='ocrx_word' id='word_1_158' title='bbox 627 1603 794 1656; x_wconf 89' lang='lat' dir='ltr'>dicebantur.</span> 
     </span>
    </p>

    <p class='ocr_par' dir='ltr' id='par_1_5' title="bbox 96 1671 1018 2294">
     <span class='ocr_line' id='line_1_21' title="bbox 131 1671 1018 1742; baseline 0.001 -18"><span class='ocrx_word' id='word_1_159' title='bbox 131 1677 156 1725; x_wconf 82' lang='grc'>3.</span> <span class='ocrx_word' id='word_1_160' title='bbox 208 1689 257 1726; x_wconf 92' lang='lat' dir='ltr'>aec</span> <span class='ocrx_word' id='word_1_161' title='bbox 281 1673 376 1725; x_wconf 88' lang='lat' dir='ltr'>civitas</span> <span class='ocrx_word' id='word_1_162' title='bbox 398 1673 476 1740; x_wconf 86' lang='lat' dir='ltr'>longe</span> <span class='ocrx_word' id='word_1_163' title='bbox 500 1673 649 1742; x_wconf 83' lang='lat' dir='ltr'>plurimum</span> <span class='ocrx_word' id='word_1_164' title='bbox 670 1673 752 1725; x_wconf 88' lang='lat' dir='ltr'>totius</span> <span class='ocrx_word' id='word_1_165' title='bbox 772 1671 878 1725; x_wconf 87' lang='lat' dir='ltr'>Galliae</span> <span class='ocrx_word' id='word_1_166' title='bbox 903 1673 1018 1742; x_wconf 67' lang='lat' dir='ltr'>equita</span> 
     </span>
     <span class='ocr_line' id='line_1_22' title="bbox 96 1741 1018 1811; baseline 0.003 -19"><span class='ocrx_word' id='word_1_167' title='bbox 96 1742 169 1794; x_wconf 88' lang='lat' dir='ltr'>valet</span> <span class='ocrx_word' id='word_1_168' title='bbox 181 1759 346 1811; x_wconf 84' lang='lat' dir='ltr'>magnasque</span> <span class='ocrx_word' id='word_1_169' title='bbox 360 1741 441 1794; x_wconf 89' lang='lat' dir='ltr'>habet</span> <span class='ocrx_word' id='word_1_170' title='bbox 453 1743 543 1811; x_wconf 88' lang='lat' dir='ltr'>cupias</span> <span class='ocrx_word' id='word_1_171' title='bbox 556 1741 685 1810; x_wconf 87' lang='lat' dir='ltr'>peditum,</span> <span class='ocrx_word' id='word_1_172' title='bbox 699 1742 887 1811; x_wconf 83' lang='lat' dir='ltr'>Rhenumque,</span> <span class='ocrx_word' id='word_1_173' title='bbox 902 1752 933 1795; x_wconf 91' lang='lat' dir='ltr'>ut</span> <span class='ocrx_word' id='word_1_174' title='bbox 946 1747 1018 1808; x_wconf 69' lang='lat' dir='ltr'>suf</span> 
     </span>
     <span class='ocr_line' id='line_1_23' title="bbox 96 1809 1018 1882; baseline 0.003 -20"><span class='ocrx_word' id='word_1_175' title='bbox 96 1809 357 1880; x_wconf 81' lang='lat' dir='ltr'>demonstravimus,⁶</span> <span class='ocrx_word' id='word_1_176' title='bbox 377 1811 470 1878; x_wconf 85' lang='lat' dir='ltr'>tangit.</span> <span class='ocrx_word' id='word_1_177' title='bbox 507 1811 537 1864; x_wconf 90' lang='lat' dir='ltr'>ln</span> <span class='ocrx_word' id='word_1_178' title='bbox 558 1827 591 1863; x_wconf 93' lang='lat' dir='ltr'>ea</span> <span class='ocrx_word' id='word_1_179' title='bbox 613 1811 720 1863; x_wconf 83' lang='lat' dir='ltr'>civitate</span> <span class='ocrx_word' id='word_1_180' title='bbox 741 1811 794 1864; x_wconf 90' lang='lat' dir='ltr'>duo</span> <span class='ocrx_word' id='word_1_181' title='bbox 814 1811 849 1863; x_wconf 89' lang='lat' dir='ltr'>de</span> <span class='ocrx_word' id='word_1_182' title='bbox 875 1812 1018 1882; x_wconf 69' lang='lat' dir='ltr'>principa</span> 
     </span>
     <span class='ocr_line' id='line_1_24' title="bbox 96 1879 1018 1950; baseline 0.002 -20"><span class='ocrx_word' id='word_1_183' title='bbox 96 1879 165 1931; x_wconf 90' lang='lat' dir='ltr'>inter</span> <span class='ocrx_word' id='word_1_184' title='bbox 177 1897 207 1932; x_wconf 91' lang='lat' dir='ltr'>se</span> <span class='ocrx_word' id='word_1_185' title='bbox 219 1879 422 1948; x_wconf 86' lang='lat' dir='ltr'>contendebant,</span> <span class='ocrx_word' id='word_1_186' title='bbox 437 1879 634 1932; x_wconf 87' lang='lat' dir='ltr'>Indutiomarus</span> <span class='ocrx_word' id='word_1_187' title='bbox 651 1887 677 1932; x_wconf 90' lang='lat' dir='ltr'>et</span> <span class='ocrx_word' id='word_1_188' title='bbox 693 1880 859 1948; x_wconf 84' lang='lat' dir='ltr'>Cingetorix:</span> <span class='ocrx_word' id='word_1_189' title='bbox 880 1898 916 1933; x_wconf 84' lang='lat' dir='ltr'>ex</span> <span class='ocrx_word' id='word_1_190' title='bbox 928 1879 1018 1950; x_wconf 81' lang='lat' dir='ltr'>quib</span> 
     </span>
     <span class='ocr_line' id='line_1_25' title="bbox 96 1947 1018 2018; baseline -0.002 -18"><span class='ocrx_word' id='word_1_191' title='bbox 96 1947 172 2018; x_wconf 90' lang='lat' dir='ltr'>alter,</span> <span class='ocrx_word' id='word_1_192' title='bbox 186 1949 268 2002; x_wconf 87' lang='lat' dir='ltr'>simul</span> <span class='ocrx_word' id='word_1_193' title='bbox 280 1959 361 2018; x_wconf 90' lang='lat' dir='ltr'>atque</span> <span class='ocrx_word' id='word_1_194' title='bbox 374 1950 408 2000; x_wconf 91' lang='lat' dir='ltr'>de</span> <span class='ocrx_word' id='word_1_195' title='bbox 421 1949 542 2001; x_wconf 86' lang='lat' dir='ltr'>Caesaris</span> <span class='ocrx_word' id='word_1_196' title='bbox 554 1949 743 2018; x_wconf 86' lang='lat' dir='ltr'>legionumque</span> <span class='ocrx_word' id='word_1_197' title='bbox 755 1949 875 2001; x_wconf 84' lang='lat' dir='ltr'>adventu</span> <span class='ocrx_word' id='word_1_198' title='bbox 887 1952 1018 2018; x_wconf 70' lang='lat' dir='ltr'>cognita]</span> 
     </span>
     <span class='ocr_line' id='line_1_26' title="bbox 97 2018 1015 2088; baseline 0.003 -19"><span class='ocrx_word' id='word_1_199' title='bbox 97 2027 146 2088; x_wconf 85' lang='lat' dir='ltr'>est,</span> <span class='ocrx_word' id='word_1_200' title='bbox 159 2018 194 2070; x_wconf 94' lang='lat' dir='ltr'>ad</span> <span class='ocrx_word' id='word_1_201' title='bbox 207 2035 270 2070; x_wconf 91' lang='lat' dir='ltr'>eum</span> <span class='ocrx_word' id='word_1_202' title='bbox 283 2019 356 2070; x_wconf 90' lang='lat' dir='ltr'>venit</span> <span class='ocrx_word' id='word_1_203' title='bbox 364 2035 371 2084; x_wconf 80' lang='lat'>3</span> <span class='ocrx_word' id='word_1_204' title='bbox 390 2035 419 2069; x_wconf 87' lang='lat' dir='ltr'>se</span> <span class='ocrx_word' id='word_1_205' title='bbox 432 2034 548 2086; x_wconf 90' lang='lat' dir='ltr'>suosque</span> <span class='ocrx_word' id='word_1_206' title='bbox 560 2035 655 2071; x_wconf 87' lang='lat' dir='ltr'>omnes</span> <span class='ocrx_word' id='word_1_207' title='bbox 674 2019 701 2070; x_wconf 90' lang='lat' dir='ltr'>in</span> <span class='ocrx_word' id='word_1_208' title='bbox 718 2018 807 2070; x_wconf 90' lang='lat' dir='ltr'>officio</span> <span class='ocrx_word' id='word_1_209' title='bbox 819 2018 926 2071; x_wconf 88' lang='lat' dir='ltr'>futuros</span> <span class='ocrx_word' id='word_1_210' title='bbox 938 2030 1015 2086; x_wconf 74' lang='lat' dir='ltr'>neq</span> 
     </span>
     <span class='ocr_line' id='line_1_27' title="bbox 96 2086 1013 2157; baseline 0.005 -19"><span class='ocrx_word' id='word_1_211' title='bbox 96 2087 132 2140; x_wconf 92' lang='lat' dir='ltr'>ab</span> <span class='ocrx_word' id='word_1_212' title='bbox 150 2088 270 2140; x_wconf 89' lang='lat' dir='ltr'>amicitia</span> <span class='ocrx_word' id='word_1_213' title='bbox 290 2086 380 2156; x_wconf 92' lang='lat' dir='ltr'>populi</span> <span class='ocrx_word' id='word_1_214' title='bbox 400 2088 512 2139; x_wconf 87' lang='lat' dir='ltr'>Romani</span> <span class='ocrx_word' id='word_1_215' title='bbox 533 2086 685 2140; x_wconf 83' lang='lat' dir='ltr'>defecturos</span> <span class='ocrx_word' id='word_1_216' title='bbox 705 2088 879 2156; x_wconf 87' lang='lat' dir='ltr'>confirmavit,</span> <span class='ocrx_word' id='word_1_217' title='bbox 900 2100 1013 2157; x_wconf 75' lang='lat' dir='ltr'>quaeq</span> 
     </span>
     <span class='ocr_line' id='line_1_28' title="bbox 97 2155 1018 2226; baseline 0 -19"><span class='ocrx_word' id='word_1_218' title='bbox 97 2155 123 2208; x_wconf 91' lang='lat' dir='ltr'>in</span> <span class='ocrx_word' id='word_1_219' title='bbox 139 2156 256 2208; x_wconf 85' lang='lat' dir='ltr'>Treviris</span> <span class='ocrx_word' id='word_1_220' title='bbox 271 2164 432 2225; x_wconf 86' lang='lat' dir='ltr'>gererentur,</span> <span class='ocrx_word' id='word_1_221' title='bbox 446 2156 569 2208; x_wconf 89' lang='lat' dir='ltr'>ostendit.</span> <span class='ocrx_word' id='word_1_222' title='bbox 605 2159 641 2208; x_wconf 91' lang='lat' dir='ltr'>At</span> <span class='ocrx_word' id='word_1_223' title='bbox 660 2157 856 2209; x_wconf 88' lang='lat' dir='ltr'>Indutiomarus</span> <span class='ocrx_word' id='word_1_224' title='bbox 874 2159 1018 2226; x_wconf 70' lang='lat' dir='ltr'>equitatu</span> 
     </span>
     <span class='ocr_line' id='line_1_29' title="bbox 96 2224 1018 2294; baseline -0.001 -18"><span class='ocrx_word' id='word_1_225' title='bbox 96 2224 300 2294; x_wconf 88' lang='lat' dir='ltr'>peditatumque</span> <span class='ocrx_word' id='word_1_226' title='bbox 321 2241 425 2294; x_wconf 87' lang='lat' dir='ltr'>cogere,</span> <span class='ocrx_word' id='word_1_227' title='bbox 438 2225 532 2294; x_wconf 86' lang='lat' dir='ltr'>iisque,</span> <span class='ocrx_word' id='word_1_228' title='bbox 545 2225 592 2294; x_wconf 93' lang='lat' dir='ltr'>qui</span> <span class='ocrx_word' id='word_1_229' title='bbox 612 2242 660 2294; x_wconf 92' lang='lat' dir='ltr'>per</span> <span class='ocrx_word' id='word_1_230' title='bbox 678 2233 796 2278; x_wconf 89' lang='lat' dir='ltr'>aetatem</span> <span class='ocrx_word' id='word_1_231' title='bbox 814 2227 840 2277; x_wconf 91' lang='lat' dir='ltr'>in</span> <span class='ocrx_word' id='word_1_232' title='bbox 861 2228 947 2280; x_wconf 89' lang='lat' dir='ltr'>armis</span> <span class='ocrx_word' id='word_1_233' title='bbox 968 2234 1018 2280; x_wconf 69' lang='lat' dir='ltr'>ee</span> 
     </span>
    </p>
   </div>
   <div class='ocr_carea' id='block_1_3' title="bbox 1 2294 1018 2367">
    <p class='ocr_par' dir='ltr' id='par_1_6' title="bbox 1 2294 1018 2367">
     <span class='ocr_line' id='line_1_30' title="bbox 1 2294 1018 2367; baseline 0.008 -24"><span class='ocrx_word' id='word_1_234' title='bbox 1 2359 2 2365; x_wconf 15' lang='grc'>1</span> <span class='ocrx_word' id='word_1_235' title='bbox 96 2309 149 2346; x_wconf 91' lang='lat' dir='ltr'>non</span> <span class='ocrx_word' id='word_1_236' title='bbox 172 2303 301 2364; x_wconf 87' lang='lat' dir='ltr'>poterant,</span> <span class='ocrx_word' id='word_1_237' title='bbox 323 2294 350 2346; x_wconf 93' lang='lat' dir='ltr'>in</span> <span class='ocrx_word' id='word_1_238' title='bbox 374 2294 471 2346; x_wconf 87' lang='lat' dir='ltr'>silvam</span> <span class='ocrx_word' id='word_1_239' title='bbox 494 2294 679 2348; x_wconf 80' lang='lat' dir='ltr'>Arduennam⁸</span> <span class='ocrx_word' id='word_1_240' title='bbox 697 2294 804 2365; x_wconf 86' lang='lat' dir='ltr'>abditis,</span> <span class='ocrx_word' id='word_1_241' title='bbox 827 2311 900 2363; x_wconf 90' lang='lat' dir='ltr'>quae</span> <span class='ocrx_word' id='word_1_242' title='bbox 925 2297 1018 2367; x_wconf 66' lang='lat' dir='ltr'>inge]</span> 
     </span>
    </p>
   </div>
   <div class='ocr_carea' id='block_1_4' title="bbox 95 2505 1018 2689">
    <p class='ocr_par' dir='ltr' id='par_1_7' title="bbox 95 2505 1018 2689">
     <span class='ocr_line' id='line_1_31' title="bbox 125 2505 1013 2563; baseline 0.007 -9"><span class='ocrx_word' id='word_1_243' title='bbox 125 2505 221 2554; x_wconf 81' lang='lat' dir='ltr'>¹Litem</span> <span class='ocrx_word' id='word_1_244' title='bbox 235 2508 368 2563; x_wconf 76' lang='lat' dir='ltr'>cestinwre,</span> <span class='ocrx_word' id='word_1_245' title='bbox 382 2517 408 2555; x_wconf 86' lang='lat' dir='ltr'>to</span> <span class='ocrx_word' id='word_1_246' title='bbox 418 2505 489 2554; x_wconf 87' lang='lat' dir='ltr'>value</span> <span class='ocrx_word' id='word_1_247' title='bbox 500 2508 542 2555; x_wconf 88' lang='lat' dir='ltr'>the</span> <span class='ocrx_word' id='word_1_248' title='bbox 559 2507 630 2556; x_wconf 85' lang='lat' dir='ltr'>dama</span> <span class='ocrx_word' id='word_1_249' title='bbox 647 2523 674 2556; x_wconf 88' lang='lat' dir='ltr'>es</span> <span class='ocrx_word' id='word_1_250' title='bbox 691 2508 772 2557; x_wconf 90' lang='lat' dir='ltr'>which</span> <span class='ocrx_word' id='word_1_251' title='bbox 787 2508 830 2556; x_wconf 90' lang='lat' dir='ltr'>the</span> <span class='ocrx_word' id='word_1_252' title='bbox 847 2508 965 2560; x_wconf 82' lang='lat' dir='ltr'>Pirustae</span> <span class='ocrx_word' id='word_1_253' title='bbox 980 2509 1013 2560; x_wconf 81' lang='lat' dir='ltr'>h</span> 
     </span>
     <span class='ocr_line' id='line_1_32' title="bbox 95 2525 1018 2632; baseline 0.008 -20"><span class='ocrx_word' id='word_1_254' title='bbox 95 2564 158 2613; x_wconf 88' lang='lat' dir='ltr'>done</span> <span class='ocrx_word' id='word_1_255' title='bbox 170 2576 195 2613; x_wconf 87' lang='lat' dir='ltr'>to</span> <span class='ocrx_word' id='word_1_256' title='bbox 206 2565 248 2613; x_wconf 92' lang='lat' dir='ltr'>the</span> <span class='ocrx_word' id='word_1_257' title='bbox 259 2566 380 2625; x_wconf 88' lang='lat' dir='ltr'>province.</span> <span class='ocrx_word' id='word_1_258' title='bbox 411 2564 541 2632; x_wconf 76' lang='lat' dir='ltr'>Lisisnot</span> <span class='ocrx_word' id='word_1_259' title='bbox 553 2565 611 2626; x_wconf 86' lang='lat' dir='ltr'>only</span> <span class='ocrx_word' id='word_1_260' title='bbox 621 2525 663 2614; x_wconf 72' lang='lat' dir='ltr'>the</span> <span class='ocrx_word' id='word_1_261' title='bbox 675 2566 737 2624; x_wconf 85' lang='lat' dir='ltr'>trial,</span> <span class='ocrx_word' id='word_1_262' title='bbox 750 2569 793 2616; x_wconf 90' lang='lat' dir='ltr'>but</span> <span class='ocrx_word' id='word_1_263' title='bbox 806 2567 858 2615; x_wconf 90' lang='lat' dir='ltr'>also</span> <span class='ocrx_word' id='word_1_264' title='bbox 874 2569 981 2618; x_wconf 82' lang='lat' dir='ltr'>denotas</span> <span class='ocrx_word' id='word_1_265' title='bbox 1011 2576 1018 2606; x_wconf 86' lang='lat'><strong>¹</strong></span> 
     </span>
     <span class='ocr_line' id='line_1_33' title="bbox 96 2623 1018 2689; baseline 0.008 -18"><span class='ocrx_word' id='word_1_266' title='bbox 96 2624 138 2672; x_wconf 85' lang='lat' dir='ltr'>the</span> <span class='ocrx_word' id='word_1_267' title='bbox 149 2639 269 2682; x_wconf 79' lang='lat' dir='ltr'>expensas</span> <span class='ocrx_word' id='word_1_268' title='bbox 281 2623 414 2672; x_wconf 85' lang='lat' dir='ltr'>connected</span> <span class='ocrx_word' id='word_1_269' title='bbox 426 2623 486 2672; x_wconf 88' lang='lat' dir='ltr'>wrth</span> <span class='ocrx_word' id='word_1_270' title='bbox 497 2625 524 2681; x_wconf 85' lang='lat' dir='ltr'>it,</span> <span class='ocrx_word' id='word_1_271' title='bbox 538 2626 585 2673; x_wconf 90' lang='lat' dir='ltr'>and</span> <span class='ocrx_word' id='word_1_272' title='bbox 596 2625 638 2674; x_wconf 88' lang='lat' dir='ltr'>the</span> <span class='ocrx_word' id='word_1_273' title='bbox 648 2625 710 2674; x_wconf 88' lang='lat' dir='ltr'>fines</span> <span class='ocrx_word' id='word_1_274' title='bbox 721 2627 774 2675; x_wconf 88' lang='lat' dir='ltr'>that</span> <span class='ocrx_word' id='word_1_275' title='bbox 785 2642 841 2686; x_wconf 89' lang='lat' dir='ltr'>may</span> <span class='ocrx_word' id='word_1_276' title='bbox 852 2628 885 2676; x_wconf 90' lang='lat' dir='ltr'>be</span> <span class='ocrx_word' id='word_1_277' title='bbox 896 2628 1018 2689; x_wconf 66' lang='lat' dir='ltr'>importet</span> 
     </span>
    </p>
   </div>
   <div class='ocr_carea' id='block_1_5' title="bbox 124 2695 462 2759">
    <p class='ocr_par' dir='ltr' id='par_1_8' title="bbox 124 2695 462 2759">
     <span class='ocr_line' id='line_1_34' title="bbox 124 2695 462 2759; baseline 0 -15"><span class='ocrx_word' id='word_1_278' title='bbox 124 2697 134 2726; x_wconf 94' lang='lat'><strong>¹</strong></span> <span class='ocrx_word' id='word_1_279' title='bbox 145 2695 262 2756; x_wconf 85' lang='lat' dir='ltr'>Namely,</span> <span class='ocrx_word' id='word_1_280' title='bbox 273 2698 369 2759; x_wconf 69' lang='lat' dir='ltr'>generis</span> <span class='ocrx_word' id='word_1_281' title='bbox 381 2713 462 2744; x_wconf 65' lang='lat' dir='ltr'>aava.</span> 
     </span>
    </p>
   </div>
   <div class='ocr_carea' id='block_1_6' title="bbox 96 2769 1018 2893">
    <p class='ocr_par' dir='ltr' id='par_1_9' title="bbox 96 2769 1018 2893">
     <span class='ocr_line' id='line_1_35' title="bbox 125 2769 1018 2834; baseline 0.003 -16"><span class='ocrx_word' id='word_1_282' title='bbox 125 2769 262 2820; x_wconf 74' lang='lat' dir='ltr'>&#39;Dedncere</span> <span class='ocrx_word' id='word_1_283' title='bbox 273 2771 294 2818; x_wconf 87' lang='lat' dir='ltr'>is</span> <span class='ocrx_word' id='word_1_284' title='bbox 303 2770 345 2818; x_wconf 89' lang='lat' dir='ltr'>the</span> <span class='ocrx_word' id='word_1_285' title='bbox 353 2770 475 2818; x_wconf 89' lang='lat' dir='ltr'>technical</span> <span class='ocrx_word' id='word_1_286' title='bbox 483 2780 546 2819; x_wconf 90' lang='lat' dir='ltr'>term</span> <span class='ocrx_word' id='word_1_287' title='bbox 553 2772 581 2820; x_wconf 84' lang='lat' dir='ltr'>os</span> <span class='ocrx_word' id='word_1_288' title='bbox 587 2772 697 2834; x_wconf 82' lang='lat' dir='ltr'>drawing</span> <span class='ocrx_word' id='word_1_289' title='bbox 703 2774 745 2821; x_wconf 90' lang='lat' dir='ltr'>the</span> <span class='ocrx_word' id='word_1_290' title='bbox 752 2773 891 2832; x_wconf 88' lang='lat' dir='ltr'>shipsfrom</span> <span class='ocrx_word' id='word_1_291' title='bbox 897 2775 941 2823; x_wconf 90' lang='lat' dir='ltr'>the</span> <span class='ocrx_word' id='word_1_292' title='bbox 951 2777 1018 2824; x_wconf 73' lang='lat' dir='ltr'>boec</span> 
     </span>
     <span class='ocr_line' id='line_1_36' title="bbox 96 2827 1018 2893; baseline 0.008 -17"><span class='ocrx_word' id='word_1_293' title='bbox 96 2828 170 2877; x_wconf 90' lang='lat' dir='ltr'>down</span> <span class='ocrx_word' id='word_1_294' title='bbox 180 2830 232 2878; x_wconf 90' lang='lat' dir='ltr'>into</span> <span class='ocrx_word' id='word_1_295' title='bbox 243 2830 285 2878; x_wconf 87' lang='lat' dir='ltr'>the</span> <span class='ocrx_word' id='word_1_296' title='bbox 297 2841 388 2886; x_wconf 87' lang='lat' dir='ltr'>water;</span> <span class='ocrx_word' id='word_1_297' title='bbox 406 2829 482 2877; x_wconf 86' lang='lat' dir='ltr'>hence</span> <span class='ocrx_word' id='word_1_298' title='bbox 497 2834 537 2878; x_wconf 86' lang='lat' dir='ltr'>‘to</span> <span class='ocrx_word' id='word_1_299' title='bbox 548 2831 653 2880; x_wconf 86' lang='lat' dir='ltr'>launch.&#39;</span> <span class='ocrx_word' id='word_1_300' title='bbox 688 2831 809 2892; x_wconf 87' lang='lat' dir='ltr'>Compare</span> <span class='ocrx_word' id='word_1_301' title='bbox 821 2832 891 2893; x_wconf 87' lang='lat' dir='ltr'>chap.</span> <span class='ocrx_word' id='word_1_302' title='bbox 902 2837 925 2890; x_wconf 95' lang='lat'>1,</span> <span class='ocrx_word' id='word_1_303' title='bbox 936 2846 997 2883; x_wconf 84' lang='lat' dir='ltr'>now</span> <span class='ocrx_word' id='word_1_304' title='bbox 1009 2827 1018 2874; x_wconf 66' lang='grc' dir='ltr'>ἕ</span> 
     </span>
    </p>
   </div>
   <div class='ocr_carea' id='block_1_7' title="bbox 125 2901 1018 2964">
    <p class='ocr_par' dir='ltr' id='par_1_10' title="bbox 125 2901 1018 2964">
     <span class='ocr_line' id='line_1_37' title="bbox 125 2901 1018 2964; baseline 0.008 -16"><span class='ocrx_word' id='word_1_305' title='bbox 125 2901 135 2930; x_wconf 88' lang='lat'><strong>⁴</strong></span> <span class='ocrx_word' id='word_1_306' title='bbox 145 2901 200 2949; x_wconf 89' lang='lat' dir='ltr'>The</span> <span class='ocrx_word' id='word_1_307' title='bbox 211 2911 268 2961; x_wconf 78' lang='lat' dir='ltr'>port,</span> <span class='ocrx_word' id='word_1_308' title='bbox 276 2902 339 2950; x_wconf 88' lang='lat' dir='ltr'>Itius</span> <span class='ocrx_word' id='word_1_309' title='bbox 350 2917 401 2949; x_wconf 88' lang='lat' dir='ltr'>was</span> <span class='ocrx_word' id='word_1_310' title='bbox 412 2902 490 2949; x_wconf 90' lang='lat' dir='ltr'>either</span> <span class='ocrx_word' id='word_1_311' title='bbox 501 2901 543 2950; x_wconf 88' lang='lat' dir='ltr'>the</span> <span class='ocrx_word' id='word_1_312' title='bbox 554 2903 655 2951; x_wconf 90' lang='lat' dir='ltr'>modern</span> <span class='ocrx_word' id='word_1_313' title='bbox 664 2904 827 2953; x_wconf 88' lang='lat' dir='ltr'>Ambleteuse</span> <span class='ocrx_word' id='word_1_314' title='bbox 838 2921 866 2952; x_wconf 84' lang='lat' dir='ltr'>or</span> <span class='ocrx_word' id='word_1_315' title='bbox 876 2905 971 2964; x_wconf 82' lang='lat' dir='ltr'>Calais,</span> <span class='ocrx_word' id='word_1_316' title='bbox 981 2915 1018 2955; x_wconf 75' lang='lat' dir='ltr'>ant</span> 
     </span>
    </p>
   </div>
   <div class='ocr_carea' id='block_1_8' title="bbox 96 2960 1016 3078">
    <p class='ocr_par' dir='ltr' id='par_1_11' title="bbox 96 2960 1016 3078">
     <span class='ocr_line' id='line_1_38' title="bbox 96 2960 1016 3020; baseline 0.002 -12"><span class='ocrx_word' id='word_1_317' title='bbox 96 2969 148 3017; x_wconf 90' lang='lat' dir='ltr'>not,</span> <span class='ocrx_word' id='word_1_318' title='bbox 166 2977 193 3008; x_wconf 87' lang='lat' dir='ltr'>as</span> <span class='ocrx_word' id='word_1_319' title='bbox 210 2976 278 3008; x_wconf 86' lang='lat' dir='ltr'>some</span> <span class='ocrx_word' id='word_1_320' title='bbox 294 2976 409 3019; x_wconf 88' lang='lat' dir='ltr'>suppose,</span> <span class='ocrx_word' id='word_1_321' title='bbox 424 2960 541 3019; x_wconf 89' lang='lat' dir='ltr'>Wissan;</span> <span class='ocrx_word' id='word_1_322' title='bbox 561 2961 615 3011; x_wconf 88' lang='lat' dir='ltr'>that</span> <span class='ocrx_word' id='word_1_323' title='bbox 630 2963 660 3020; x_wconf 86' lang='lat' dir='ltr'>is,</span> <span class='ocrx_word' id='word_1_324' title='bbox 674 2963 809 3012; x_wconf 78' lang='lat' dir='ltr'>wit-saud.</span> <span class='ocrx_word' id='word_1_325' title='bbox 841 2963 890 3012; x_wconf 86' lang='lat' dir='ltr'>See</span> <span class='ocrx_word' id='word_1_326' title='bbox 910 2965 1016 3015; x_wconf 68' lang='lat' dir='ltr'>Characa</span> 
     </span>
     <span class='ocr_line' id='line_1_39' title="bbox 96 3018 492 3078; baseline -0.005 -10"><span class='ocrx_word' id='word_1_327' title='bbox 96 3018 220 3075; x_wconf 77' lang='lat' dir='ltr'>Marcum,</span> <span class='ocrx_word' id='word_1_328' title='bbox 233 3019 282 3065; x_wconf 86' lang='lat' dir='ltr'>vol.</span> <span class='ocrx_word' id='word_1_329' title='bbox 295 3019 326 3066; x_wconf 86' lang='lat' dir='ltr'>iv.</span> <span class='ocrx_word' id='word_1_330' title='bbox 339 3035 361 3078; x_wconf 94' lang='lat' dir='ltr'>p.</span> <span class='ocrx_word' id='word_1_331' title='bbox 373 3023 428 3075; x_wconf 82' lang='lat'>277,</span> <span class='ocrx_word' id='word_1_332' title='bbox 443 3018 492 3066; x_wconf 77' lang='lat' dir='ltr'>duc.</span> 
     </span>
    </p>
   </div>
   <div class='ocr_carea' id='block_1_9' title="bbox 97 3095 1018 3367">
    <p class='ocr_par' dir='ltr' id='par_1_12' title="bbox 126 3095 572 3155">
     <span class='ocr_line' id='line_1_40' title="bbox 126 3095 572 3155; baseline 0 -13"><span class='ocrx_word' id='word_1_333' title='bbox 126 3095 212 3142; x_wconf 74' lang='lat' dir='ltr'>⁸Hna</span> <span class='ocrx_word' id='word_1_334' title='bbox 223 3096 269 3151; x_wconf 81' lang='lat' dir='ltr'>rei;</span> <span class='ocrx_word' id='word_1_335' title='bbox 288 3095 395 3155; x_wconf 87' lang='lat' dir='ltr'>namely,</span> <span class='ocrx_word' id='word_1_336' title='bbox 408 3096 572 3144; x_wconf 61' lang='lat' dir='ltr'>transmissus:</span> 
     </span>
    </p>

    <p class='ocr_par' dir='ltr' id='par_1_13' title="bbox 126 3166 375 3222">
     <span class='ocr_line' id='line_1_41' title="bbox 126 3166 375 3222; baseline 0 -8"><span class='ocrx_word' id='word_1_337' title='bbox 126 3167 193 3214; x_wconf 76' lang='lat' dir='ltr'>⁰See</span> <span class='ocrx_word' id='word_1_338' title='bbox 205 3166 229 3214; x_wconf 84' lang='lat' dir='ltr'>ii.</span> <span class='ocrx_word' id='word_1_339' title='bbox 240 3169 279 3222; x_wconf 81' lang='lat'>24,</span> <span class='ocrx_word' id='word_1_340' title='bbox 294 3166 326 3213; x_wconf 85' lang='lat' dir='ltr'>iii.</span> <span class='ocrx_word' id='word_1_341' title='bbox 341 3170 375 3214; x_wconf 93' lang='lat'>11.</span> 
     </span>
    </p>

    <p class='ocr_par' dir='ltr' id='par_1_14' title="bbox 97 3239 1018 3367">
     <span class='ocr_line' id='line_1_42' title="bbox 127 3239 1016 3296; baseline 0.006 -8"><span class='ocrx_word' id='word_1_342' title='bbox 127 3241 136 3269; x_wconf 83' lang='lat'>⁷</span> <span class='ocrx_word' id='word_1_343' title='bbox 145 3239 201 3288; x_wconf 89' lang='lat' dir='ltr'>The</span> <span class='ocrx_word' id='word_1_344' title='bbox 212 3240 287 3288; x_wconf 81' lang='lat' dir='ltr'>forest</span> <span class='ocrx_word' id='word_1_345' title='bbox 299 3239 378 3287; x_wconf 87' lang='lat' dir='ltr'>called</span> <span class='ocrx_word' id='word_1_346' title='bbox 388 3240 523 3290; x_wconf 78' lang='lat' dir='ltr'>Arduenna</span> <span class='ocrx_word' id='word_1_347' title='bbox 533 3242 653 3291; x_wconf 81' lang='lat' dir='ltr'>extended</span> <span class='ocrx_word' id='word_1_348' title='bbox 664 3243 726 3292; x_wconf 89' lang='lat' dir='ltr'>from</span> <span class='ocrx_word' id='word_1_349' title='bbox 737 3245 779 3292; x_wconf 90' lang='lat' dir='ltr'>the</span> <span class='ocrx_word' id='word_1_350' title='bbox 788 3254 896 3294; x_wconf 88' lang='lat' dir='ltr'>western</span> <span class='ocrx_word' id='word_1_351' title='bbox 906 3247 985 3296; x_wconf 87' lang='lat' dir='ltr'>banks</span> <span class='ocrx_word' id='word_1_352' title='bbox 994 3243 1016 3294; x_wconf 87' lang='lat' dir='ltr'>ol</span> 
     </span>
     <span class='ocr_line' id='line_1_43' title="bbox 97 3297 1018 3367; baseline 0.008 -19"><span class='ocrx_word' id='word_1_353' title='bbox 97 3297 140 3348; x_wconf 87' lang='lat' dir='ltr'>the</span> <span class='ocrx_word' id='word_1_354' title='bbox 150 3297 230 3347; x_wconf 86' lang='lat' dir='ltr'>Rhine</span> <span class='ocrx_word' id='word_1_355' title='bbox 242 3314 269 3346; x_wconf 85' lang='lat' dir='ltr'>as</span> <span class='ocrx_word' id='word_1_356' title='bbox 277 3297 313 3345; x_wconf 84' lang='lat' dir='ltr'>sar</span> <span class='ocrx_word' id='word_1_357' title='bbox 321 3314 348 3346; x_wconf 86' lang='lat' dir='ltr'>as</span> <span class='ocrx_word' id='word_1_358' title='bbox 359 3298 400 3345; x_wconf 87' lang='lat' dir='ltr'>the</span> <span class='ocrx_word' id='word_1_359' title='bbox 412 3299 511 3348; x_wconf 87' lang='lat' dir='ltr'>mouths</span> <span class='ocrx_word' id='word_1_360' title='bbox 519 3300 547 3348; x_wconf 87' lang='lat' dir='ltr'>of</span> <span class='ocrx_word' id='word_1_361' title='bbox 554 3302 596 3349; x_wconf 85' lang='lat' dir='ltr'>the</span> <span class='ocrx_word' id='word_1_362' title='bbox 606 3301 695 3357; x_wconf 80' lang='lat' dir='ltr'>Mense</span> <span class='ocrx_word' id='word_1_363' title='bbox 706 3303 754 3352; x_wconf 85' lang='lat' dir='ltr'>and</span> <span class='ocrx_word' id='word_1_364' title='bbox 762 3303 877 3353; x_wconf 86' lang='lat' dir='ltr'>Schelde.</span> <span class='ocrx_word' id='word_1_365' title='bbox 904 3305 1018 3367; x_wconf 78' lang='lat' dir='ltr'>Compare</span> 
     </span>
    </p>
   </div>
   <div class='ocr_carea' id='block_1_10' title="bbox 0 0 1130 3736">
    <p class='ocr_par' dir='ltr' id='par_1_15' title="bbox 0 0 1130 3736">
     <span class='ocr_line' id='line_1_44' title="bbox 0 0 1130 3736; baseline 0 0"><span class='ocrx_word' id='word_1_366' title='bbox 0 0 1130 3736; x_wconf 95' lang='lat' dir='ltr'> </span> 
     </span>
    </p>
   </div>
  </div>
 </body>
</html>
