2250 3736
102 247 142 306 36
405 267 445 304 un
467 265 563 304 annno
584 265 720 305 caturco.

103 385 192 429 monte
205 372 358 426 consedisse
377 373 452 426 milia
465 390 592 442 passuum
604 373 639 425 ab
651 373 735 440 ipsius
752 373 845 424 castris
856 380 924 441 octo,
938 373 1011 442 quati

102 453 173 496 esset
187 453 280 494 natura
293 444 389 494 montis
402 453 428 494 et
440 444 527 511 qualis
545 445 570 494 iu
589 444 699 494 circuitu
718 459 846 493 ascensus
857 443 903 510 qui
916 460 1011 510 cognos

103 522 193 564 carent
207 513 287 564 misit.
316 513 507 565 Renuntiatum
518 524 558 563 est
568 511 675 563 facilem
688 514 767 562 esse.¹
798 512 836 562 De
849 513 927 563 tertia
937 512 1011 578 vigili

106 578 192 633 Titum
204 582 363 633 Labienum²
371 583 489 649 legatum
503 591 677 649 propraetore
690 597 753 632 cum
763 579 867 632 duabus
877 581 1010 647 legioniba

102 659 129 701 et
145 651 177 701 iis
195 651 316 718 ducibus,
330 652 374 719 qui
396 653 445 702 iter
464 657 647 719 cognoverant,
661 667 798 700 summum
815 649 908 716 jugum
929 651 1011 701 monti

101 720 248 771 ascendere
260 719 351 789 jubet,
368 719 432 788 quid
446 720 486 771 sui
499 719 600 770 consilii
610 720 650 784 sit,
661 718 785 770 ostendit.
814 719 873 785 [pse
887 719 921 769 de
932 727 1008 787 quart

102 789 192 856 vigilia
206 789 301 840 cariem
314 790 416 857 itinere,
429 807 481 857 quo
494 789 584 840 hostes
596 788 688 855 ierant,
698 787 732 838 ad
745 805 791 838 eos
803 788 939 839 contendit
952 789 1011 856 equi

103 866 243 926 totumque
262 876 370 910 omnem
389 868 451 909 ante
470 875 499 909 se
519 858 607 909 mittit.
645 857 674 909 P.
688 856 834 919 Considius,
848 859 894 924 qui
907 859 944 908 rei
959 857 1011 909 mit}

103 927 166 978 taris
184 927 361 994 peritissimus
378 927 527 979 habebatur
539 936 566 977 et
578 927 607 978 ia
618 926 736 978 exercitu
750 927 779 978 L.
793 925 882 977 Saliae
895 935 922 977 et
935 936 1011 995 poste

102 996 130 1047 in
143 997 182 1047 M.
196 996 282 1048 Crassi
295 996 388 1064 fuerat,
402 1014 464 1048 cum
478 995 688 1066 exploratoribus
700 995 884 1063 praemittitur.

138 1070 179 1116 22.
192 1066 287 1129 Prima
304 1065 478 1134 lucc,'quum
497 1081 620 1116 summus
639 1081 715 1115 mons
733 1081 749 1115 a
766 1065 798 1115 T.
817 1064 935 1116 Labieno
954 1072 1011 1116 tens

102 1142 181 1203 retur,
197 1135 253 1202 ipse
271 1135 306 1186 ab
325 1135 441 1186 hostiurn
461 1134 553 1186 castris
573 1150 623 1184 non
643 1133 746 1200 longius
762 1133 837 1184 mille
856 1142 883 1184 et
897 1135 1011 1202 quingen

102 1202 137 1253 tis
155 1204 279 1271 passibus
298 1204 413 1273 abesset,
433 1220 529 1270 neque,
549 1211 578 1254 ut
596 1212 687 1270 postea
706 1220 740 1254 ex
758 1203 869 1270 captivis
887 1204 1011 1271 comperi

101 1281 148 1324 aut
173 1274 255 1340 ipsius
278 1273 418 1341 adventus,
439 1281 485 1324 aut
506 1272 618 1324 Labieni
642 1272 765 1338 cognitus
785 1280 864 1338 esset,
886 1273 1011 1325 Considio

102 1357 171 1409 equo
183 1342 301 1394 admisso
314 1342 347 1392 ad
357 1359 420 1394 eum
433 1342 554 1409 accurrit,
568 1341 632 1392 dicit
645 1351 773 1408 montem,
783 1357 864 1408 quem
877 1359 894 1391 a
907 1342 1011 1394 Labien

101 1412 225 1479 occupari
244 1411 363 1479 voluerit,
382 1410 416 1462 ab
437 1410 557 1462 hostibus
577 1410 676 1462 teneri:
696 1409 723 1461 id
741 1427 770 1460 se
786 1409 927 1461 aflallicis
945 1413 1011 1463 armi

101 1487 182 1547 atque
195 1479 352 1546 insignibus⁴
364 1480 529 1546 cognovisse.
557 1479 655 1530 Caesar
665 1479 827 1547 suascopias
839 1480 864 1530 in
873 1481 1011 1547 proximat

100 1548 197 1611 collem
217 1549 349 1617 subducit,
363 1551 450 1600 aciem
470 1549 583 1600 instruit.
620 1548 761 1617 Labienus,
781 1556 810 1599 ut
828 1556 884 1599 erat
905 1550 930 1599 ei
952 1567 1011 1617 pras

101 1626 209 1686 ceptum
222 1636 238 1669 a
251 1620 372 1686 Caesare,
383 1635 417 1670 ne
430 1619 559 1686 proelium
572 1618 758 1683 committeret,
773 1617 920 1685 nisi'ipsius
933 1624 1011 1686 copia

100 1703 181 1807 prope
199 1687 316 1740 hostium
333 1696 421 1740 castra
433 1688 506 1738 visae
519 1695 617 1752 esseut,
631 1695 659 1738 ut
672 1687 789 1754 undique
803 1703 854 1738 uuo
867 1694 989 1756 tempore
1003 1691 1010 1740 i

120 1771 190 1808 ostes
215 1757 332 1825 impetus
356 1757 438 1825 fieret,
460 1764 551 1808 monte
575 1766 703 1824 occupato
727 1765 829 1807 nostros
851 1757 1011 1822 exspectaba

100 1826 252 1894 proelioque
272 1827 432 1883 abstinebat.
468 1826 556 1878 Multo
574 1825 689 1893 denique
709 1825 764 1876 die‘
780 1842 827 1892 per
846 1825 1011 1892 exploratore

100 1894 197 1946 Caesar
216 1897 338 1962 cognovit
355 1904 380 1947 et
400 1903 519 1946 montem
532 1912 548 1945 a
561 1896 618 1946 suis
637 1894 720 1946 teneri
739 1901 766 1946 et
784 1893 921 1946 Helvetios
940 1905 1011 1948 castr

99 1965 215 2015 movisse
235 1974 261 2015 et
281 1964 435 2016 Considium
453 1965 547 2016 timore
566 1964 733 2032 perterritum
754 1963 825 2031 quod
845 1980 896 2014 non
914 1965 1011 2018 vidisse

118 2047 144 2083 ro
165 2034 220 2084 viso
244 2032 293 2085 sibi
319 2034 494 2085 renuntiasse.
522 2034 574 2088 ,Εο-
588 2033 632 2084 die
646 2049 699 2101 quo
717 2041 857 2084 consuerat
876 2033 1011 2087 intervath

98 2049 189 2154 hostes
202 2103 321 2170 sequitur
334 2112 360 2155 et
373 2103 446 2154 milia
458 2119 587 2172 passuum
608 2099 656 2154 tria
673 2102 708 2154 ab
721 2119 813 2154 eorum
831 2103 926 2154 castris
939 2115 1012 2157 castr

98 2171 179 2242 ponit.

127 2329 135 2356 ¹
146 2326 262 2387 Namely‚
276 2345 406 2383 ascensum,
420 2327 456 2375 for
467 2327 491 2375 in
502 2328 550 2374 this
567 2343 670 2382 answer,
683 2326 725 2374 the
737 2325 814 2382 other,
827 2337 970 2389 respeotrng
986 2329 1011 2377 th

97 2386 191 2434 natural
203 2397 324 2434 structure
336 2387 363 2434 of
375 2386 416 2433 the
429 2387 564 2442 mountain,
577 2387 598 2434 is
610 2385 717 2444 implied.

125 2475 135 2502 ²
145 2474 176 2520 T.
187 2473 309 2521 Labienus
322 2474 342 2521 is
353 2473 394 2520 thc
406 2473 521 2532 principal
533 2489 578 2520 one
590 2488 678 2532 among
687 2471 728 2518 the
737 2471 829 2530 legates
841 2485 867 2517 or
876 2470 1011 2521 lieutenant

97 2531 125 2580 of
138 2532 238 2586 Caesar,
251 2533 335 2579 whose
351 2533 419 2591 place
436 2532 466 2578 he
483 2532 554 2579 takes
566 2531 696 2578 whenever
713 2530 804 2577 Caesar
819 2529 840 2576 is
856 2531 961 2588 absent;
981 2548 1011 2580 an

98 2590 288 2708 dedbhsabeabsdn
298 2591 328 2638 he
340 2591 361 2638 is
373 2590 552 2650 distinguished
563 2593 595 2649 by
603 2591 644 2637 the
654 2590 772 2649 honorary
781 2589 834 2635 title
844 2587 872 2635 of
877 2600 1011 2650 propraetor

126 2735 228 2784 'Prima
239 2739 288 2785 luc.
320 2736 348 2786 In
360 2735 418 2792 this,
432 2752 459 2784 as
475 2736 499 2783 in
515 2751 589 2795 many
600 2735 669 2782 other
680 2750 758 2789 cases,
771 2733 812 2780 the
829 2732 951 2792 adjective
969 2735 1011 2784 dos

97 2806 138 2844 not
155 2796 227 2856 apply
238 2807 263 2843 to
274 2796 315 2843 the
327 2796 403 2842 entire
417 2795 485 2854 thing
496 2794 628 2854 expressed
639 2795 672 2853 by
683 2793 724 2839 the
736 2793 898 2849 substantive,
912 2795 957 2841 but
971 2795 1012 2842 onl

97 2864 122 2901 to
133 2866 209 2912 spart
220 2855 248 2901 os
255 2855 282 2902 it.
314 2853 407 2909 Hence,
414 2857 496 2924 prima
507 2857 549 2901 luc
560 2853 580 2923 is
591 2854 691 2912 thefirst
700 2861 757 2913 part
768 2850 795 2897 of
808 2850 851 2921 the
860 2850 917 2911 day.
952 2853 1011 2902 Con

97 2929 152 2972 pare
169 2930 273 2960 summus
288 2930 363 2968 mons,
377 2930 454 2974 premo
464 2929 525 2968 ecre,
535 2928 639 2975 primum
654 2928 745 2973 agmen,
759 2926 914 2957 messenum
931 2928 1011 2973 αμα

97 2974 153 3020 tolie
163 2976 244 3027 medae,
257 2975 332 3018 multo
343 2981 415 3027 nocte,
432 2971 479 3018 dac.

125 3046 199 3093 ‘The
214 3048 324 3106 insignia
339 3046 397 3093 here
414 3062 454 3093 are
472 3046 513 3111 the
530 3053 669 3097 ornaments
681 3042 709 3091 of
721 3043 761 3090 the
777 3057 883 3100 armour,
898 3059 926 3093 as
943 3045 973 3093 os
988 3046 1011 3094 th

96 3105 211 3160 heimets,
226 3105 274 3150 duc.
307 3105 353 3151 See
365 3110 388 3152 ri.
401 3108 437 3151 21.

125 3177 210 3224 ⁶That
222 3177 252 3231 is,
266 3177 352 3224 ‘when
363 3194 377 3224 a
387 3186 455 3237 great
467 3185 519 3235 part
530 3175 558 3222 of
565 3175 606 3223 the
615 3175 719 3238 dayhad
730 3174 827 3233 already
834 3176 926 3233 passed
938 3193 1011 3240 away

98 3238 144 3284 See
157 3237 226 3294 chap.
238 3239 276 3289 26,
291 3236 338 3283 and
349 3237 381 3283 iii.
394 3240 432 3292 26,
446 3237 487 3283 vii.
499 3238 536 3282 28.

125 3311 182 3356 ‘As
192 3309 214 3356 is
226 3308 353 3357 described
365 3319 388 3356 at
400 3310 441 3356 the
453 3307 501 3357 end
511 3306 539 3357 of
551 3307 620 3368 ehap.
633 3311 669 3356 ts.
