2250 3736
463 258 555 298 urana
575 258 602 298 v.
939 243 992 302 141

114 349 235 435 ttlttonbus
253 366 278 419 iu
295 383 392 420 omnes
411 376 500 435 partes
518 365 644 437 dimissis,
661 366 788 438 explorat,
806 384 857 438 quo
877 387 995 424 commo·

112 417 194 484 ll¹⁸⁵¹ure
202 436 288 490 itinere
300 436 401 490 vallem
414 437 525 489 transire
537 437 628 505 possit.

134 499 167 573 5⁰·
180 503 212 558 llo
227 506 276 576 die,
289 505 408 575 parvulis
425 506 592 584 equestribus
607 504 713 575 proeliis
730 507 765 559 ad
783 511 889 577 aquam¹
908 508 993 580 factis,

103 567 186 639 Utrique
195 593 247 628 sese
260 593 308 628 suo
321 576 378 627 loco
391 584 541 627 continent:
561 575 637 644 Galli,
653 575 722 643 quod
737 577 880 645 ampliores
895 580 993 649 copias,

10 664 12 669 ’
100 641 159 705 (luae
175 646 282 698 nondum
305 653 493 713 convenerant,
512 644 720 714 exspectabant,
744 646 860 716 Caesar,2
883 648 904 700 si
928 648 995 701 forte

97 701 181 777 t{moris
195 716 360 767 simulatione
379 714 470 766 hostes
487 715 514 766 in
533 730 611 766 suum
631 714 720 767 locum
739 715 836 768 elicere
855 727 951 787 posset,
965 728 995 772 ut

92 780 153 832 θῆτα
163 784 249 837 vallem
260 801 306 853 pro
319 785 414 836 castris
429 783 526 852 proelio
539 782 711 835 contenderet
719 801 727 852 5
747 786 769 836 si
782 784 808 836 id
822 787 930 838 efficere
943 805 995 841 non

86 848 174 922 90⁸set,
190 865 215 907 ut
234 853 376 922 exploratis
399 852 540 905 itineribus
560 853 660 905 minore
679 870 742 905 cum
759 854 876 923 periculo
896 857 992 909 vallem

85 917 212 992 nvumque
225 924 358 976 transiret.
396 923 484 975 Prima
498 922 559 974 luce
577 921 695 974 hostium
707 925 841 991 equitatus
857 925 891 977 ad
908 935 993 977 castra

81 987 179 1044 aecedit
189 993 371 1062 proeliumque
383 1008 447 1044 enm
458 992 553 1044 nostris
565 990 700 1060 equitibus
711 993 863 1045 committit.
897 995 994 1047 Caesar

79 1057 190 1114 ⁰⁰nsulto
202 1063 305 1132 equites
318 1061 414 1113 cedere
428 1078 512 1130 seque
530 1061 556 1113 iu
575 1070 661 1113 castra
674 1061 791 1130 recipere
802 1061 895 1132 jubet,
914 1064 994 1117 simul

77 1126 110 1170 ⁸⁸
132 1131 246 1184 omnibus
269 1130 389 1200 partibus
413 1139 499 1182 castra
522 1130 615 1182 altiore
639 1130 708 1182 vallo
731 1132 829 1182 muniri
852 1141 994 1202 portusque

73 1182 172 1252 ⁰bstrui
184 1210 263 1270 atque
276 1202 301 1252 in
316 1200 358 1252 his
372 1199 592 1251 administrandis
610 1199 690 1251 rebus
704 1217 785 1268 quam
799 1201 918 1254 maxime
933 1219 994 1255 con·

72 1265 180 1321 0ursart³
191 1279 217 1323 et
229 1287 294 1323 oum
305 1269 475 1321 simulatione
488 1269 590 1321 timoris
601 1269 643 1336 agi
656 1268 741 1338 jubet.

107 1335 153 1389 51.
169 1339 271 1398 Quibus
294 1339 420 1390 omnibus
444 1337 522 1390 rebus
551 1337 642 1390 hostes
670 1338 774 1390 invitati
797 1339 887 1408 copias
911 1348 994 1393 trans·

67 1387 171 1460 ducum
185 1410 327 1477 aciemque
345 1408 434 1476 iniquo
452 1407 509 1458 loco
525 1409 701 1476 constituunt,
719 1408 815 1461 nostris
830 1427 892 1462 vero
911 1411 994 1465 etiam

67 1458 104 1515 ‘¹0
122 1477 186 1529 vallo
198 1477 452 1599 deductis,propius
466 1475 597 1528 accedunt
616 1486 642 1528 et
660 1478 712 1529 tela
731 1479 799 1530 iutra
818 1480 994 1534 munitionem

65 1541 104 1586 ⁸8
122 1548 239 1601 omnibus
252 1546 318 1626 parti
338 1564 371 1598 us
383 1546 543 1615 conjiciunt;
559 1547 787 1616 praeconibusque
800 1549 994 1602 circummissis

62 1609 234 1716 pronunciari
252 1616 355 1686 Jubent,
369 1633 417 1668 seu
435 1617 496 1685 quis
514 1615 615 1685 Gallus,
629 1633 677 1668 seu
696 1618 831 1669 Romanus
849 1618 913 1670 velit
931 1628 993 1671 ante

77 1687 164 1737 ⁰r³1n
180 1688 288 1739 tertiam
305 1685 339 1736 ad
362 1702 391 1737 se
410 1685 529 1752 transire,
550 1685 608 1737 sine
626 1686 743 1753 periculo
768 1686 865 1755 licere,
889 1697 948 1756 post
967 1687 994 1742 id

61 1738 176 1819 tempu,
190 1773 244 1808 non
260 1755 315 1806 lore
333 1763 507 1823 potestatem:
527 1770 559 1806 ac
577 1755 615 1806 sic
631 1763 732 1807 nostros
746 1764 951 1827 contemserunt,
965 1767 994 1811 ut

58 1802 211 1879 ⁰b⁸tncus
227 1826 253 1877 in
267 1824 387 1893 speciem
399 1823 480 1892 portis
496 1823 608 1890 singulis
620 1823 756 1877 ordinibus
768 1827 908 1896 cespitum,
923 1827 993 1895 quod

57 1882 113 1928 ‘a'
133 1905 174 1957 non
187 1912 268 1964 posse
281 1896 472 1961 introrumpere
482 1892 648 1962 videbantur,
658 1895 704 1946 alii
717 1894 818 1947 vallum
829 1912 912 1947 manu
925 1898 993 1949 scin·

55 1937 144 2026 dere,
154 1966 199 2017 alii
219 1965 306 2016 fossas
324 1963 459 2032 complere
475 1963 632 2030 inciperent.
669 1964 737 2015 Tum
751 1965 856 2032 Caesar,
870 1966 994 2018 omnihus

53 2021 150 2082 Portis
161 2035 300 2103 eruptione
313 2032 384 2084 facta
402 2031 574 2100 equitatuque
590 2033 696 2101 emisso,
710 2033 833 2085 celeriter
845 2035 936 2087 hostes
948 2036 994 2087 dat

50 2089 80 2129 ¹¹¹
116 2092 225 2172 fugi-am,
246 2103 292 2171 sic,
310 2102 349 2154 uti
368 2102 476 2153 omuino
495 2101 628 2170 pugnandi
647 2119 729 2154 causa
747 2103 880 2157 resisteret
899 2120 994 2173 nemo;

47 2157 252 2241 magnumque
265 2191 301 2226 ex
312 2171 352 2222 eis
364 2187 509 2222 nnmerum
517 2171 613 2223 occidit
622 2180 701 2240 atque
711 2189 806 2224 omnes
818 2175 899 2225 armis
912 2175 993 2226 exuit.

92 2228 143 2288 52,
165 2243 282 2310 Longius
294 2240 418 2310 prosequi
432 2240 538 2309 veritus,
552 2239 621 2308 quod
641 2242 724 2293 silvae
737 2241 902 2310 paludesque
915 2243 993 2294 inter·

45 2293 209 2381 “eqebant,
231 2328 319 2380 neque
346 2310 429 2360 etiam
454 2309 563 2376 parvulo
589 2308 749 2362 detrimento
776 2311 880 2363 illorum
905 2312 993 2365 locum

44 2357 181 2448 rellnqui
194 2381 322 2450 videbat,¹
334 2378 457 2431 omnibus
475 2378 529 2429 suis
545 2379 723 2432 incolumibus
736 2381 826 2448 copiis,
840 2380 937 2433 eodem
949 2381 994 2433 die

43 2423 87 2496 ²5¹
113 2440 280 2503 Ciceronem
298 2448 428 2519 pervenit.
464 2447 603 2500 Institutas
626 2457 718 2517 turres,
739 2450 888 2502 testudines
907 2451 994 2503 muni-

56 2503 209 2589 ¹⁰¹¹esque
234 2519 351 2573 hostium
375 2517 534 2570 admiratur:
559 2519 688 2587 producta
711 2519 827 2587 legione⁸
850 2521 993 2592 cognoscit,

46 2603 992 2649 χρὴ

81 2675 270 2758 ¹⁴1daquam5
289 2698 342 2745 that
356 2697 385 2752 is,
398 2713 456 2744 near
467 2697 508 2745 the
524 2698 588 2746 river
599 2708 624 2746 to
636 2699 716 2747 which
729 2699 770 2748 the
787 2699 889 2748 soldiers
906 2700 953 2748 had
969 2710 996 2749 to

52 2736 89 2842 {ll}
109 2753 151 2797 to
172 2758 268 2826 provide
291 2757 440 2804 themselves
459 2757 518 2805 with
536 2769 625 2815 water;
648 2758 684 2806 for
705 2760 746 2806 the
770 2759 878 2807 Romans
898 2760 995 2822 usually

90 2797 172 2861 ehed
182 2816 243 2864 therr
254 2832 324 2875 camp
336 2832 393 2864 near
404 2832 472 2863 some
483 2826 582 2863 stream.

83 2863 211 2964 :Coeant
218 2906 228 2945 ,·
247 2888 335 2949 supply
346 2889 407 2937 from
419 2889 460 2936 the
472 2889 604 2950 preceding
615 2891 697 2938 clause
709 2894 861 2953 exspectabat.

85 3010 94 3037 ⁴
107 2948 271 3010 Cmunraare
280 2962 398 3022 significa,
413 2967 453 3009 ‘to
464 2976 509 3009 run
519 2964 593 3010 about
605 2963 663 3011 here
674 2963 722 3011 and
734 2964 802 3012 there
815 2965 840 3012 in
850 2964 993 3014 confusion!

102 3016 181 3087 Em·
197 3035 284 3094 supply
293 3043 368 3096 parte.

66 3085 95 3190 δέ
108 3089 181 3149 ’ῙἬθ
195 3109 291 3154 meaniu
324 3107 352 3154 of
364 3107 412 3155 this
428 3107 509 3156 clause
525 3125 607 3157 seems
618 3119 643 3157 to
653 3110 698 3157 be:
716 3108 747 3156 he
763 3125 815 3158 saw
826 3110 888 3166 that,
901 3125 962 3158 even
973 3107 994 3159 it

68 3161 185 3262 hunela
195 3174 220 3212 to
230 3123 339 3234 abendon
351 3166 390 3213 his
401 3167 505 3236 position
522 3183 577 3236 nou
590 3171 673 3223 (locam
684 3170 835 3229 relinquere),
848 3169 889 3217 the
906 3180 991 3231 enemy

164 3225 232 3283 ready
243 3225 368 3273 sustarned
377 3235 418 3272 not
431 3240 461 3272 eu
472 3227 664 3275 inconsiderable
677 3227 734 3274 loss.

94 3275 104 3304 ⁴
120 3279 242 3346 Procnen
254 3300 346 3362 legione
352 3314 364 3355 ;
382 3298 487 3361 hemely,
500 3299 552 3348 that
562 3300 593 3349 he
604 3299 682 3361 might
693 3299 784 3349 review
794 3300 821 3350 it.
