2250 3736
54 332 81 368 ’ἔθ’
159 329 229 417 liebus
249 347 347 402 omnino
370 347 468 402 decern
491 357 518 402 et
542 357 601 401 octo
625 358 697 402 trans
719 347 844 402 Rhenum
873 359 1040 416 consumptrs

54 403 80 489 fl
157 415 204 478 tatis
216 425 237 467 et
250 418 278 470 ad
295 418 404 472 laudem
423 429 450 470 et
468 419 502 471 ad
521 419 665 471 utilitatem
683 417 840 488 prolectum¹
852 417 995 470 arbitratus
1010 432 1040 468 se

54 474 78 551 ,Ε
154 485 175 524 111
185 477 274 540 Galliam
285 488 385 557 recepit
398 497 561 566 pontemque
574 488 689 540 rescidit.

54 562 60 574 ¹
180 550 210 601 ²⁰·
225 554 317 624 Exigua
334 567 409 625 parte
427 567 538 609 aestatis
556 556 658 626 reliqna
675 556 780 625 Caesar,
794 555 843 608 etsi
862 556 889 608 in
906 554 949 607 his
966 554 1039 620 locis,

54 678 71 695 ‚„
151 619 204 677 llvd
213 628 285 678 omnis
296 627 385 678 Gallia
395 626 430 678 ad
443 627 649 695 septemtriones
661 626 752 694 vergit,
766 634 886 677 maturae
905 633 966 678 sunt
984 624 1040 676 hie·

147 691 287 756 mesenen
299 696 326 748 in
339 696 502 748 Britanniam
521 696 651 765 proficisci
668 694 815 761 contendit,
827 694 898 763 quod
916 694 1041 746 omnibus

145 743 191 823 lere
199 760 292 817 Gallicis
304 765 383 817 bellis
395 764 516 818 hostibus
533 766 630 817 nostris
647 764 709 816 inde
728 764 930 816 subministrata
941 764 1041 816 auxilia

54 822 65 898 J
143 826 298 902 orengam?
310 843 338 886 et
350 835 372 886 si
385 844 493 902 tempus
504 834 566 886 anni
579 834 614 886 ad
627 833 729 887 bellum
740 831 888 901 gerendum
902 832 1038 901 deficeret,

54 902 62 915 ⁹
142 890 213 970 latren
230 919 323 970 magno
345 903 397 956 sibi
418 903 478 956 usui
498 903 553 955 fore
577 903 762 972 arbitrabatur,
785 903 807 954 si
825 901 905 955 modo
923 902 1040 954 insulam

54 1003 57 1027 „
138 959 260 1025 edisseret
276 990 365 1040 genus
382 971 522 1025 hominum
540 973 728 1041 perspexisset,
748 971 814 1041 loca,
833 980 932 1040 portus,
951 971 1041 1024 aditus

54 1038 57 1063 ³
137 1037 297 1110 cognovisset,
315 1058 386 1110 quae
398 1043 488 1094 omnia
500 1041 557 1094 sere
569 1041 653 1094 Gallis
671 1051 746 1093 erant
765 1041 906 1109 incognita.
942 1042 1040 1108 Neque

135 1106 195 1173 ellim
211 1113 320 1163 temere³
333 1119 442 1180 praeter
460 1121 622 1179 mercatores
640 1111 694 1162 illo⁴
710 1110 767 1162 adit
785 1111 937 1178 quisquam,
951 1127 1040 1178 neque

133 1155 172 1242 ¹¹3⁸
186 1175 242 1246 ipsis
261 1180 409 1249 quicquam
428 1190 534 1249 praeter
554 1196 628 1233 oram
648 1180 813 1233 maritimam
833 1191 915 1247 atque
935 1195 982 1230 eas
1001 1195 1041 1231 re·

129 1243 216 1316 8¹⁰ttes,
228 1267 298 1318 quae
318 1258 380 1301 sunt
398 1255 489 1302 contra
507 1249 616 1318 Gallias,
636 1261 728 1302 notum
748 1263 797 1302 est.
833 1249 927 1316 Itaque
940 1248 1041 1300 vocatis

128 1305 196 1379 stllse
208 1319 322 1387 undique
335 1318 527 1371 mercatoribus
545 1335 633 1386 neque
646 1327 746 1387 quanta
758 1326 830 1371 esset
849 1317 953 1370 insulae
966 1334 1040 1384 mag-

54 1412 56 1445 :
125 1377 214 1456 mludo,
233 1405 322 1456 neque
340 1403 410 1455 quae
429 1398 475 1439 aut
493 1397 575 1456 quant
595 1405 610 1439 e
636 1389 757 1440 nationes
779 1386 931 1456 incolerent,
952 1403 1040 1455 neque

123 1449 293 1510 quemnam
312 1456 536 1510 belli⁶haberent
554 1475 570 1508 a
618 1458 717 1525 quibus
742 1457 870 1509 institutis
894 1465 1038 1524 uterentur,

119 1515 203 1586 neque
220 1527 266 1595 qui
285 1535 376 1580 essent
393 1525 428 1578 ad
447 1525 579 1596 majorum
598 1527 717 1579 navium⁶
729 1526 931 1579 multitudinem
950 1525 1040 1579 idonei

116 1583 212 1664 lmus,
225 1596 340 1664 reperire
353 1602 465 1664 poterat.

115 1705 123 1718 .
152 1658 194 1716 21,
211 1665 253 1717 Ad
272 1665 342 1718 haec
368 1664 561 1734 cognoscenda,
581 1664 735 1734 priusquam
761 1663 911 1733 periculum
930 1663 1039 1731 laceret,

112 1713 241 1786 ¹d0neum
259 1751 320 1787 esse
338 1733 481 1786 arbitratus
500 1734 594 1786 Caium
608 1733 781 1786 Volusenum⁷
799 1751 863 1786 cum
882 1734 943 1785 navi
962 1733 1040 1800 longa
1079 1774 1083 1789 ,

108 1791 267 1856 praemittit.
305 1803 374 1855 Huic
394 1803 512 1871 mandat,
533 1803 572 1855 uti
595 1803 739 1871 exploratis
762 1803 886 1855 omnibus
906 1803 986 1855 rebus
1005 1802 1039 1853 ad

107 1861 142 1906 ’θ
160 1873 377 1950 quamprimum
396 1881 551 1924 revertatur.
587 1872 649 1942 Ipse
674 1890 736 1924 cnm
763 1871 888 1924 omnibus
913 1872 996 1940 copiis
1014 1872 1041 1924 in

106 1913 234 1993 M0rmoa
251 1942 442 2011 proficiscitur,
454 1943 525 2010 quod
545 1941 608 1994 inde
626 1953 683 1993 erat
702 1941 875 1994 brevissimus
894 1941 920 1992 in
939 1942 1041 1994 Britan·

103 1999 187 2062 nram
206 2011 342 2080 trajectus.
379 2011 438 2064 Huc
459 2028 543 2062 naves
562 2011 682 2079 undique
699 2028 734 2063 ex
749 2011 870 2063 finitimis
891 2010 1041 2077 regionibus

103 2069 135 2114 εἴ
156 2091 240 2147 quam
259 2080 395 2149 superiore
413 2088 517 2132 aestate
540 2080 574 2132 ad
593 2080 754 2132 Veneticum
777 2079 880 2132 bellum
904 2077 1042 2132 effecerat⁸

101 2127 230 2200 “lassem
254 2148 332 2218 jubet
350 2149 501 2202 convenire.
538 2149 648 2201 Interim
672 2149 781 2202 consilio
808 2150 866 2216 ejus
891 2149 994 2216 cognito
1014 2155 1041 2199 et

99 2202 165 2290 1³9?-
181 2228 342 2270 mercatores
360 2219 460 2287 perlato
480 2218 515 2270 ad
534 2218 675 2271 Britannos
694 2236 711 2270 a
730 2219 911 2287 compluribus
935 2217 1040 2270 insulae

99 2275 269 2340 0¹v11aribus
288 2287 324 2339 ad
344 2304 408 2353 eum
431 2287 514 2356 legati
534 2288 652 2357 veniunt,
674 2288 720 2356 qui
740 2288 914 2356 polliceantur
934 2286 1041 2340 obsides

97 2376 1039 2418 m

134 2455 279 2573 ¹‘1t'roficere
289 2469 407 2576 ffssnffieb
424 2473 463 2518 ‘to
473 2470 531 2531 gain
546 2487 577 2519 an
592 2470 747 2532 advantage‚’
762 2475 801 2518 ‘to
818 2470 890 2518 make
906 2470 1038 2531 progress,'

181 2543 291 2577 osnecee
311 2564 316 2576 .

133 2587 149 2618 ¹
162 2599 209 2649 aee
220 2603 245 2650 rr.
256 2605 280 2660 r,
295 2605 331 2660 14,
345 2603 378 2651 nr.
389 2606 413 2660 a,
427 2606 449 2652 o.

133 2659 150 2690 ⁸
163 2670 228 2723 'ssiat
239 2676 270 2733 is,
283 2693 359 2737 neque
369 2679 432 2725 enim
439 2678 523 2738 focile.

133 2735 149 2763 ¹
163 2743 228 2795 That
240 2747 270 2804 is,
283 2749 310 2796 in
321 2747 486 2804 Britanniam,
499 2764 526 2796 or
536 2751 569 2796 od
578 2750 641 2798 illos.

92 2807 155 2914 ,hg
169 2815 231 2868 Uror
241 2821 297 2868 belli
307 2820 328 2868 is
341 2821 461 2880 ‘practice
472 2821 497 2868 in
508 2822 577 2878 war‚’
591 2821 638 2870 and
649 2822 690 2870 the
701 2821 817 2883 meaning
827 2821 856 2870 os
867 2821 909 2868 the
921 2819 1003 2869 clause
1020 2821 1042 2869 ia

172 2891 235 2927 same
246 2895 274 2927 as
285 2879 313 2926 os
320 2882 378 2940 quid
389 2882 483 2928 inbelle
491 2890 598 2943 porreta,
612 2881 637 2928 in
648 2881 672 2929 ii.
684 2883 707 2928 4.

90 2953 158 3059 pgr
165 2961 268 3027 Majorer
283 2982 357 3034 naver
368 2965 426 3013 here
438 2966 570 3034 comprises
581 2967 640 3015 both
652 2967 718 3028 large
729 2967 797 3026 ships
803 2966 837 3035 ,of
843 2981 895 3014 war
905 2965 952 3014 aad
963 2976 1041 3014 trans·

89 3061 125 3101 ν.
154 3029 192 3084 js.
221 3023 295 3092 From
307 3024 355 3072 this
367 3040 477 3131 passape,
489 3036 508 3072 rt
519 3041 540 3072 rs
551 3026 616 3074 clear
626 3026 679 3074 that
692 3027 732 3075 the
745 3026 824 3074 Gallio
835 3025 974 3074 merchants
985 3025 1042 3074 who

115 3075 205 3130 ¹⁸1ted
215 3083 309 3131 Brrtam
319 3084 381 3132 used
392 3085 463 3132 smal
474 3085 552 3132 boats.

133 3143 288 3204 'me

89 3216 219 3329 fil'n'lbe
231 3228 367 3289 compound
376 3229 489 3299 efficereis
500 3229 639 3300 frequently
647 3231 709 3300 used
717 3232 750 3299 hp
759 3231 850 3280 Caesar
859 3227 954 3279 instead
964 3228 992 3278 ol
999 3227 1039 3278 the

171 3285 205 3342 pla
215 3289 273 3337 verb
281 3290 372 3350 secere.
405 3287 452 3338 See
463 3303 479 3338 ι.
490 3291 529 3347 36,
543 3304 574 3339 rv.
588 3293 625 3348 18,
638 3305 670 3339 vr.
682 3293 706 3347 9,
719 3304 759 3338 vn.
772 3293 809 3339 35.

94 2512 132 2555 οἳ
