2250 3736
99 178 157 236 116
403 191 444 231 ns
465 190 562 230 suano
583 190 719 230 oristeo.

97 302 219 424 pionibrrs
236 298 365 370 pervenit.
402 299 442 352 lbi
460 299 603 377 cognoscit,
617 317 661 353 χι.
675 317 766 368 naves,
780 316 850 369 quae
870 300 896 352 in
914 295 999 353 Mel

108 382 184 424 actae
197 379 278 438 erant,
292 378 454 437 tempestate
473 378 586 437 rejectas
604 386 711 421 cursum
732 379 823 421 terrere
843 387 894 421 non
908 378 989 439 potu

96 453 178 510 atquc
196 440 300 507 eodem,
315 439 386 490 uude
399 447 474 490 erant
486 438 629 508 proiectae,
645 440 800 491 revertisse:
821 439 938 507 reliquas
951 452 1000 508 pa

98 520 139 562 tas
156 510 189 561 sd
209 507 389 576 navigandum
408 519 489 577 atque
508 509 634 560 omnibus
653 508 733 560 rebus
752 509 895 560 instructas
915 509 1000 560 inve

98 580 211 634 Eodem²
229 580 308 630 totius
333 577 438 629 Galliae
464 578 599 645 equitatus
623 579 756 645 convertit,
783 594 893 630 numero
919 573 1000 630 mili

97 659 216 718 quotuor,
231 647 419 716 principesque
437 646 563 699 omnibus
575 665 609 699 ex
621 647 791 700 civitatibus:
810 647 955 715 exquibus
973 661 1000 713 1

97 735 204 787 paucos,
218 733 329 786 quorum
351 717 376 767 in
390 733 419 768 se
431 716 513 768 fidem
527 725 706 785 perspexerat,
723 717 873 785 relinquere
887 717 912 768 in
926 713 998 770 Gal

98 789 213 856 reliquos
226 786 349 839 obsidum
363 786 420 837 loco
433 802 525 838 secum
540 787 638 838 ducere
657 785 828 854 decreverat,
848 787 928 856 quod,
940 800 1000 855 qu

97 857 154 926 ipse
166 857 281 924 abesset,
298 867 398 907 motum
412 855 517 906 Galliae
530 855 681 908 verebatur.

133 931 157 978 6.
178 928 241 979 Erat
259 942 313 977 una
331 941 392 976 cum
411 925 508 976 ceteris
527 925 673 978 Dumnorix
686 923 806 992 Aeduus,
819 923 855 976 de
867 942 920 994 quo
932 924 970 978 ab

97 993 139 1048 bis
156 1005 237 1048 antea
249 995 352 1046 dictum
365 994 425 1046 est.³
460 994 538 1046 Hunc
557 1011 650 1046 secum
664 993 762 1046 habere
776 995 801 1046 in
814 995 918 1073 primis⁴
930 1007 1000 1046 oon

97 1074 191 1131 tuerat,
205 1064 275 1133 quod
289 1081 351 1115 eum
365 1062 492 1133 cupidum
507 1080 596 1115 rerum
609 1080 745 1132 novarum,
759 1064 890 1132 cupidum
908 1064 1000 1132 impe

96 1135 187 1202 magni
213 1133 305 1200 animi,
325 1149 440 1200 magnae
466 1132 534 1185 inter
552 1133 641 1185 Gallos
666 1134 829 1185 auctoritatis
856 1147 991 1199 cognose

96 1202 252 1255 Accedebat
277 1202 337 1268 huc,
357 1202 427 1271 quod
451 1200 509 1270 jam
526 1203 551 1254 in
571 1202 682 1254 concilio
701 1202 859 1255 Aeduorum
878 1202 1000 1255 Dumnc

96 1272 207 1341 dixerat,
222 1272 272 1324 sibi
285 1289 301 1322 a
314 1272 427 1323 Caesare
442 1289 553 1338 regnum
572 1272 688 1324 civitatis
700 1272 814 1324 deferri:
835 1272 906 1340 quud
920 1271 1000 1324 dict·

97 1342 186 1393 Aedui
211 1341 326 1408 graviter
350 1340 479 1408 terebant,
505 1343 604 1409 neque⁶
627 1341 768 1395 recusandi
792 1349 837 1393 aut
862 1342 1000 1410 depreca

96 1426 179 1462 causa
192 1408 293 1477 legatos
310 1409 343 1461 ad
363 1411 508 1462 Caesarem
526 1412 631 1462 mittere
650 1410 795 1462 audebant.
832 1410 861 1462 Id
876 1410 1000 1463 facturn

97 1481 152 1531 suis
171 1478 320 1548 hospitibus
339 1480 437 1531 Caesar
449 1488 616 1546 cognoverat.
654 1480 702 1532 Ille
720 1479 847 1532 omnibus
865 1482 950 1548 primo
971 1490 1000 1547 1

96 1548 175 1600 cibus
198 1559 289 1617 petere
314 1548 458 1614 contendit,
477 1557 506 1600 ut
524 1549 551 1600 in
575 1548 662 1601 Gallia
685 1549 880 1617 relinqueretur
888 1566 895 1618 3
920 1554 997 1619 part

96 1617 166 1686 quod
186 1619 308 1670 insuetus
326 1617 470 1686 navigandi
491 1635 564 1669 mare
589 1619 704 1686 timeret,
724 1619 827 1686 partim,
848 1620 919 1686 quod
940 1613 994 1670 rel

97 1686 203 1739 onibus⁰
215 1704 275 1739 sese
294 1687 394 1739 diceret
408 1686 540 1754 impediri.
577 1687 757 1756 Posteaquam
776 1687 802 1738 id
821 1686 956 1741 obstinate
991 1698 1000 1731 ¹

97 1757 187 1824 negari
206 1757 280 1823 vidit,
294 1757 366 1808 omni
385 1774 432 1825 spe
453 1756 614 1824 impetrandi
632 1756 749 1826 ademta,
768 1757 905 1825 principes
922 1748 1000 1811 Gal]

97 1824 247 1894 sollicitare,
268 1843 394 1877 sevocare
413 1826 531 1892 singulos
549 1825 700 1894 hortarique
724 1825 819 1895 coepit,
840 1826 880 1878 uti
899 1827 926 1879 in
945 1841 1000 1879 co

97 1897 170 1947 nenti
192 1905 375 1962 remanerent;
401 1904 476 1947 metu
489 1895 634 1964 ,territare,'
651 1912 701 1947 non
727 1895 784 1947 sine
810 1911 893 1947 causa
913 1897 1000 1961 fieri,

98 1964 184 2016 Gallia
197 1965 269 2015 omni
283 1963 422 2016 nobilitate
436 1963 606 2031 spoliaretur:
626 1964 652 2016 id
665 1981 726 2016 esse
739 1964 880 2016 consilium
891 1966 999 2019 Caesa·

98 2041 126 2085 ut
144 2050 211 2101 quos
229 2034 256 2084 in
274 2044 420 2101 conspectu
439 2033 541 2085 Galliae
567 2034 715 2086 interficere
734 2042 878 2101 vereretur,
899 2035 949 2088 hos
976 2042 1000 2079 ί

97 2117 146 2153 nes
166 2102 192 2153 in
210 2103 371 2154 Britanniam
392 2103 559 2155 transductus
576 2112 700 2155 necaret:
719 2103 801 2155 fidem
821 2103 932 2173 reliquis
949 2105 1000 2157 irs‘

97 2174 215 2240 ponere,³
231 2170 418 2240 jusjurandum
436 2188 554 2240 poscere,
576 2183 604 2223 ut
622 2172 692 2241 quod
712 2189 773 2224 esse
791 2189 825 2224 ex
843 2175 905 2225 usu⁹
923 2164 1000 2227 Gall

97 2258 1000 2276 Ἢ

127 2313 211 2360 ¹That
223 2313 252 2368 is,
267 2313 290 2359 in
302 2313 342 2359 the
355 2324 457 2372 country
468 2313 496 2360 os
503 2313 544 2360 the
557 2313 643 2369 Meldi,
657 2330 670 2361 a
682 2314 768 2372 people
780 2315 836 2362 who
847 2331 916 2363 seem
929 2326 955 2363 to
966 2316 1000 2364 hl

97 2370 221 2419 inhabited
240 2371 280 2418 the
299 2382 401 2431 country
417 2373 528 2419 between
546 2372 587 2418 the
606 2373 721 2430 Sequens
739 2374 830 2429 (Scine)
848 2374 897 2423 and
915 2375 1000 2423 Matr

99 2430 213 2486 (Marne),
227 2430 274 2477 end
284 2430 345 2498 from
358 2431 441 2478 whose
453 2431 565 2491 territory
577 2430 618 2479 the
630 2431 698 2491 ships
709 2448 774 2480 were
788 2432 881 2482 carried
896 2433 971 2482 down

97 2489 161 2538 river
172 2489 285 2547 Sequana
296 2497 346 2536 mto
358 2489 398 2536 the
410 2504 460 2536 sea.

126 2561 245 2618 'Eodem
263 2561 316 2608 that
327 2561 357 2617 is,
371 2570 396 2609 to
407 2572 460 2621 port
472 2561 543 2610 Itius.

126 2633 192 2681 'See
204 2633 219 2681 i.
231 2636 253 2681 3.

126 2707 245 2754 “Above
258 2705 291 2754 all
304 2705 404 2754 others!

126 2779 228 2840 ‘Neque
238 2780 295 2827 here
307 2778 447 2828 introduces
457 2796 472 2828 a
482 2780 576 2828 naturai
588 2795 757 2840 consequence
771 2780 801 2830 of
811 2782 865 2831 that
876 2781 960 2832 which
975 2789 1000 2844 ξ

98 2838 178 2888 cedes.
211 2838 266 2886 The
278 2854 346 2886 sume
358 2838 378 2886 is
390 2838 456 2886 osten
468 2839 509 2886 the
521 2854 577 2887 case
589 2840 649 2887 with
661 2849 682 2887 et
694 2840 740 2888 and
751 2850 829 2901 atque.
862 2842 910 2890 See
922 2843 964 2892 vii.
976 2837 1000 2890 Ξ

127 2911 283 2972 tltetigioses
294 2927 334 2958 are
348 2910 478 2971 ‘religiono
489 2911 588 2968 duties‚’
603 2911 683 2959 which
695 2912 725 2960 he
742 2913 876 2972 pretended
893 2916 924 2963 he
941 2906 1000 2964 had

98 2970 202 3030 perform
214 2970 237 3015 in
251 2970 324 3026 Gaul,
338 2970 362 3017 in
373 2986 541 3030 consequence
553 2970 581 3017 cs
588 2986 657 3018 vcws
669 2971 748 3019 which
761 2972 791 3019 he
804 2973 852 3021 had
863 2974 945 3022 made.

127 3044 136 3071 ²
149 3042 270 3089 Territore
278 3042 298 3089 is
308 3042 475 3102 adescriptive
486 3043 610 3091 infinitive.
634 3044 680 3091 See
693 3045 707 3091 i.
718 3048 754 3101 16,
763 3055 820 3092 note
830 3050 851 3092 5.
875 3046 925 3094 But
934 3047 976 3095 the

99 3099 189 3161 lowing
191 3101 274 3162 fieriis
281 3100 417 3158 dependent
424 3119 487 3161 upon
494 3118 562 3150 some
568 3104 626 3150 verb
633 3103 661 3150 of
662 3106 751 3166 soping
757 3105 838 3152 which
844 3105 864 3153 is
871 3107 1000 3156 understo

128 3173 227 3222 'Eidem
238 3175 394 3235 interponere,
411 3181 451 3222 ‘to
462 3175 549 3236 pledge
561 3176 630 3224 one’s
642 3192 698 3224 own
708 3177 818 3225 honour!

128 3246 185 3295 'Ea
195 3264 243 3295 asa
255 3254 298 3302 est,
314 3246 346 3294 ‘it
359 3247 379 3294 is
390 3248 488 3297 useful.’
522 3248 720 3309 Compressu,
733 3253 771 3299 ⁵0.
