2250 3736
465 271 556 310 arsen
577 273 628 311 vn.
948 253 1007 310 205

82 397 144 433 esse
157 380 334 448 existimabat,
348 380 441 431 castris
453 380 584 448 praesidio
597 380 736 448 relinquit.
756 380 872 448 quinque
886 379 1006 449 ejusdem

81 448 195 517 legionis
213 452 327 519 reliquas
346 451 379 501 de
398 449 488 500 media
507 460 583 501 nocte
596 466 658 501 cum
671 451 795 501 omuibus
808 451 1007 518 impedimentis

81 521 195 571 adverso
220 520 340 571 flumine¹
364 536 460 586 magno
484 520 599 571 tumultu
624 519 754 587 proficisci
778 521 900 587 imperat.
943 520 1008 570 Con·

81 589 163 667 quirit
187 590 268 641 etiam
293 589 398 640 lintres:
426 588 475 640 has
498 606 595 654 magno
620 591 706 640 sonitu
728 606 860 640 remorum
886 590 1007 641 incitatas

81 658 109 709 in
123 659 249 710 eamdem
263 668 365 726 partem
378 659 466 710 mittit
504 660 563 726 lpse
576 668 635 726 post
647 658 743 737 paulin,
758 659 862 709 silentio
876 675 1007 736 egressus,

82 744 147 779 cum
171 729 254 779 tribus
274 728 424 795 legionibus
444 745 506 780 eum
528 727 616 779 locum
637 729 711 797 petit,
733 744 785 796 quo
807 745 890 779 naves
908 696 1009 796 appelli
1064 779 1067 784 ,

80 796 205 866 jusserat.

119 872 160 917 61.
182 868 220 918 Eo
233 884 315 934 quum
336 874 407 917 esset
420 875 538 944 ventum,
551 865 730 944 exploratores
748 866 872 934 hostiurn,
887 866 924 918 ut²
936 864 1008 917 omni

81 935 202 988 fluminis
215 947 288 1003 parte
302 944 375 986 erant
388 935 536 1004 dispositi,'
531 937 704 1014 inopinantes,
719 937 787 1004 quod
807 953 904 1003 magna
921 935 1008 987 subito

82 1013 140 1056 erat
163 1018 251 1056 coorta
282 1014 436 1072 tempestas,
462 1005 496 1056 ab
522 1005 618 1057 nostris
641 1009 837 1074 opprimuntur:
866 1003 1008 1056 exercitus'

81 1076 280 1143 equitatusque,
294 1075 427 1142 equitibus
439 1075 565 1126 Romanis
576 1076 830 1152 administrantibus,
844 1091 911 1142 quos
924 1074 949 1125 ei
963 1091 1007 1125 ne·

79 1145 152 1210 gotio
172 1144 343 1212 praefecerat,
364 1144 485 1195 celeriter
503 1144 696 1196 transmittitur.
733 1145 791 1197 Uno
812 1144 868 1194 fere
888 1153 1007 1212 tempore

80 1213 133 1266 sub
151 1213 241 1265 lucem
260 1213 381 1265 hostibus
399 1216 547 1281 nunciatur,
562 1212 587 1264 in
606 1215 700 1264 castris
712 1215 890 1265 Romanorum
904 1222 1008 1280 praeter

79 1283 304 1335 consuetudinem
329 1282 494 1334 tumultuari⁴
513 1291 540 1334 et
563 1300 692 1360 magnum
716 1284 753 1334 ire
777 1300 875 1350 agmen
895 1283 1007 1334 adverso

80 1352 200 1419 flumine,
222 1353 391 1420 sonitumque
416 1368 550 1403 remorum
572 1370 598 1403 in
619 1352 717 1404 eadem
739 1363 814 1421 parte
835 1352 955 1404 exaudiri
979 1359 1008 1404 et

78 1423 169 1490 paullo
188 1391 257 1474 infra
277 1422 377 1472 milites
396 1421 509 1472 navibus
528 1423 706 1490 transportari.
743 1423 846 1480 Quibus
865 1421 944 1473 rebus
959 1438 1006 1472 au·

79 1490 149 1560 ditis,
169 1491 238 1560 quod
258 1491 448 1542 existimabant
470 1490 554 1542 tribus
574 1491 638 1542 locis
660 1493 769 1542 transire
788 1491 908 1558 legiones
925 1500 1007 1558 atque

77 1577 180 1628 omnes,
194 1560 361 1629 perturbatos
379 1559 530 1612 defectione
544 1560 706 1627 Aeduorum,
721 1560 812 1628 fugam
829 1577 929 1628 parare,
944 1576 1007 1612 suas

77 1645 185 1698 quoque
206 1631 296 1698 copias
317 1631 342 1680 in
365 1639 419 1681 tres
438 1640 528 1698 partes
548 1630 745 1681 distribuerunt.
781 1631 861 1698 Nam,
883 1639 910 1681 et
931 1647 1006 1698 prae·

78 1700 145 1750 sidio
158 1717 174 1751 e
186 1700 294 1766 regione
307 1708 451 1750 castrorum
466 1700 565 1767 relicto,
579 1708 605 1750 et
619 1716 700 1767 parva
718 1716 799 1751 manu
813 1699 1006 1751 Metiosedum⁵

76 1784 172 1821 versus
195 1770 286 1837 missa,
311 1785 381 1836 qnae
406 1777 509 1820 tantum
533 1768 742 1837 progrederetur,
767 1777 898 1837 quantum
921 1784 1005 1820 naves

76 1838 277 1907 processissent,
292 1839 408 1906 reliquas
420 1842 511 1916 copias
524 1847 614 1888 eontra
627 1839 776 1890 Labienum
790 1838 931 1890 duxerunt.

112 1913 156 1959 62.
176 1908 263 1960 Prima
283 1907 342 1959 luce
364 1916 390 1958 et
410 1907 490 1958 nostri
512 1923 606 1958 omnes
624 1918 698 1959 erant
717 1908 891 1976 transportati,
905 1915 932 1958 et
946 1905 1002 1958 hos·

77 1977 146 2028 tium
158 1977 231 2027 acies
243 1976 411 2028 cernebatur.
448 1976 590 2043 Labienus,
605 1977 705 2028 milites
717 1977 876 2045 cohortatus,
891 1984 920 2028 ut
938 1993 1003 2028 suas

76 2046 203 2113 pristinae
217 2046 322 2097 virtutis
342 2054 369 2096 et
390 2052 426 2096 tot
447 2045 701 2098 secundissimorum
723 2046 804 2124 proeli
807 2063 881 2098 orum
902 2061 1002 2096 memo

76 2115 146 2165 riam
164 2115 314 2181 retinerent,
333 2122 414 2181 atque
434 2115 521 2182 ipsum
541 2116 692 2184 Caesarem,
712 2133 790 2183 cujus
808 2115 890 2166 ductu
910 2131 1003 2183 saepe-

75 2199 189 2234 numero
208 2183 298 2234 hostes
315 2192 493 2251 superassent,
507 2192 676 2251 praesentem
695 2185 800 2236 adesse⁶
812 2185 1003 2253 existimarent,

75 2252 122 2303 dat
147 2253 253 2320 signum
278 2252 378 2320 proelii
416 2253 502 2304 Primo
522 2270 653 2304 concursu
676 2254 711 2307 ab
733 2254 825 2306 dextro
846 2270 935 2320 cornu,
958 2223 1004 2306 ubi

76 2321 193 2399 septima
217 2321 285 2388 legio
308 2321 469 2389 constiterat,
492 2321 582 2373 hostes
605 2322 740 2390 pelluntur
759 2332 840 2391 atque
862 2323 889 2374 in
910 2291 1004 2389 frigam

74 2389 267 2458 conjiciuntur:
286 2391 321 2443 ab
334 2391 446 2460 sinistro,
460 2407 542 2460 quern
561 2391 650 2443 locum
669 2392 828 2444 duodecima
847 2391 916 2458 legio
929 2400 1003 2443 tene·

106 2554 234 2602 ¹Adverso
244 2557 376 2624 flumina‘
384 2573 415 2616 up
431 2557 508 2604 the'
490 2558 572 2613 rrver,’
586 2573 612 2604 or
626 2558 734 2618 ‘against
751 2558 792 2605 the
809 2556 946 2606 currentes
960 2557 1003 2606 the

76 2613 159 2669 river,’
174 2615 194 2661 is
206 2615 247 2662 the
259 2617 368 2673 opposite
380 2617 407 2663 ol
413 2593 630 2678 secundofltfmine.

106 2685 116 2714 ¹
130 2684 162 2733 Ut
173 2685 249 2732 here
243 2702 263 2733 rs
275 2687 363 2734 almost
381 2684 422 2735 the¹
440 2705 507 2736 same
525 2705 551 2736 as
562 2706 642 2749 qnam,
656 2689 704 2741 and
720 2706 776 2750 may
787 2691 817 2738 be
835 2688 953 2738 rendered
970 2690 1004 2750 by

79 2745 138 2792 tas!
174 2745 295 2803 Compare
306 2761 329 2792 v.
341 2748 379 2802 43,
393 2751 481 2794 notel

107 2818 263 2875 ’Exercitus
274 2820 441 2880 frequently,
435 2836 455 2867 rs
467 2821 509 2868 the
521 2836 589 2867 same
602 2836 628 2867 as
641 2823 795 2883 peditatus,‘
804 2821 926 2882 infantry!

81 2901 83 2905 '
107 2895 293 2952 1Ίίιπιιιῖιιιαή,
306 2896 399 2955 though
411 2911 425 2942 a
435 2896 557 2954 deponent
573 2899 641 2952 verb,
656 2898 676 2944 is
692 2896 750 2944 here
766 2896 826 2943 used
843 2896 867 2942 in
881 2897 1002 2955 apassivo

77 2970 171 3067 qqppeg
184 2955 277 3072 qirqrgqr
295 2955 417 3002 instances
436 2970 509 3001 occur
531 2970 585 3001 now
602 2955 649 3002 and
668 2956 734 3002 then.
768 2955 888 3013 Compare
905 2956 945 3004 vii.
962 2959 1001 3012 77,

108 3085 311 3133 ‘Metiosedum
306 3102 326 3133 rs
343 3086 482 3144 commonly
493 3086 605 3134 believed
622 3097 647 3134 to
665 3090 695 3135 be
714 3088 755 3135 the
774 3087 874 3136 modern
891 3098 957 3136 town
974 3087 1002 3135 os

82 3145 200 3200 Mondou,
214 3145 287 3192 south
304 3144 331 3191 ot
345 3145 421 3199 Paris,
437 3145 509 3191 while
527 3145 609 3192 others
627 3146 745 3206 identify'
739 3159 757 3194 rt
770 3147 829 3194 with
845 3148 887 3216 the
904 3148 1005 3196 moden

82 3203 124 3251 Co
129 3204 196 3259 ·beil;
215 3204 276 3251 but
271 3212 289 3250 rt
301 3203 321 3250 is
333 3180 475 3261 impossible
487 3215 511 3250 to
523 3203 608 3250 decide
621 3207 660 3252 bet
652 3216 732 3252 tween
744 3206 813 3253 these
825 3207 944 3265 opinions.

110 3275 283 3323 'Praesentem
299 3276 404 3322 adesse
398 3292 418 3322 rs
436 3292 465 3322 an
477 3277 601 3334 emphatic
613 3277 683 3324 mode
696 3279 724 3325 of
737 3294 846 3338 expressi
848 3295 880 3346 ng
896 3279 933 3326 his
950 3293 998 3357 prs

81 3348 126 3382 sen
134 3349 171 3382 ae.
165 3335 238 3440 :who
251 3333 311 3382 bade
323 3335 389 3383 thern
402 3346 427 3383 to
437 3345 475 3383 act
488 3351 515 3384 us
526 3336 547 3384 if
556 3335 648 3386 Caesar
662 3353 730 3387 were
739 3349 844 3400 present
851 3339 879 3385 'tn
891 3336 997 3395 persua
