2250 3736
181 198 238 262 162
481 215 521 258 oa
543 215 639 258 sarno
659 214 796 260 uranico.

177 336 285 379 centem
308 325 451 395 praefecit:
479 326 545 395 ipse,
570 343 654 395 quum
676 335 859 380 maturescere
882 323 937 379 frur

176 405 277 464 pererit,
302 395 335 446 ad
360 395 461 448 bellum
486 395 648 464 Ambiorigis
671 397 813 465 profectus,
840 396 937 467 [perA

176 466 280 531 silvam,
295 480 364 532 quae
377 473 417 516 est
431 465 510 517 totius
522 465 626 516 Galliae
645 467 765 518 maxima
783 474 864 533 atque
882 464 937 518 abr

175 532 327 602 finibusque
346 534 515 585 Trevirorum
533 534 567 586 ad
585 535 700 587 Nervios
717 536 840 604 pertinet,
860 532 938 587 milib

175 602 245 671 plius
258 603 409 670 quingentis
421 604 446 655 in
460 603 654 670 longitudinem
672 603 757 675 patet]
770 605 801 656 L.
814 603 937 656 Minucia

175 673 321 724 cumomni
335 673 454 740 equitatu
467 673 620 741 praemittit,
634 673 734 741 siquid
752 673 890 725 celeritate
902 672 937 724 itii

174 741 367 810 opportunitate
387 741 513 810 temporis
531 742 657 810 proficere
675 743 772 810 possit,
790 750 889 811 monet,
902 749 933 794 ut

174 808 308 863 incastris
324 810 470 879 prohibeat,
484 828 517 862 ne
536 828 589 879 qna
607 810 666 880 ejus
683 811 815 864 adrentus
832 810 923 880 procul

174 879 234 932 fiat:
256 896 316 931 sese
328 879 470 931 confestim
482 880 610 948 subsequi
622 881 695 932 dicit.

209 954 250 1000 30.
270 948 380 1018 Basilus,
402 957 430 1000 ut
452 949 612 1016 imperatum
632 958 681 1018 est,
702 949 783 1018 facit,
809 949 934 1001 celeriter

173 1018 294 1071 omniurn
316 1018 467 1086 opinionem
490 1018 612 1070 confecto
635 1019 737 1088 itinere,
757 1019 856 1071 multos
878 1019 937 1071 ina

172 1097 268 1139 nantes
292 1086 468 1157 deprehendit
475 1103 483 1156 3
509 1103 600 1140 eorum
624 1088 723 1140 indicio
740 1088 774 1140 ad
799 1088 888 1157 ipsum
911 1089 937 1141 A

173 1156 316 1226 contendit,
330 1174 381 1225 quo
401 1158 426 1208 in
447 1155 505 1207 loco
524 1174 589 1208 cum
608 1157 700 1225 paucis
713 1157 848 1226 equitibus
868 1173 930 1210 esse

173 1227 291 1279 Multum
310 1243 394 1294 quum
415 1226 443 1277 in
461 1226 584 1277 omnibus
605 1226 691 1293 rebus,
713 1235 770 1279 turn
789 1226 816 1278 in
837 1243 865 1278 re
881 1227 937 1280 mil:

172 1295 285 1347 fortuna.
321 1296 394 1347 Nam
417 1295 486 1346 sicut
506 1311 604 1362 magno
623 1295 722 1347 accidit
746 1313 818 1365 casu,
841 1304 870 1348 ut
893 1296 922 1348 in

173 1377 283 1416 caurum
312 1374 394 1432 atque
424 1365 507 1416 etiam
536 1364 698 1433 imparatum
727 1364 863 1433 incideret,
888 1365 937 1434 prii

172 1433 303 1485 adventus
325 1433 361 1485 ab
385 1432 539 1494 hominibus
563 1434 703 1502 videretur,
723 1451 805 1503 quarn
826 1434 900 1487 fama
919 1451 936 1486 a

171 1502 334 1555 adferretur:
363 1503 401 1554 sio
425 1520 538 1570 magnae
560 1503 610 1556 fuit
629 1503 757 1570 fortunae,
779 1505 852 1555 omni
872 1503 937 1556 milit

171 1573 282 1642 mento,²
293 1571 363 1640 quod
377 1573 477 1624 circum
491 1589 520 1624 se
533 1572 657 1640 habebat,
671 1581 770 1642 erepto,
781 1572 871 1625 rhedis
882 1589 936 1641 equ

171 1641 318 1710 prehensis,
334 1642 423 1709 ipsum
434 1641 553 1708 effugere
566 1642 698 1694 mortem.’
733 1642 784 1694 Sed
803 1641 855 1694 hoc
873 1658 905 1693 eo
923 1641 937 1694 f

137 1750 140 1753 v
172 1710 241 1778 quod
259 1711 382 1763 aedificio
400 1710 562 1762 circumdato
581 1711 656 1779 silva,
671 1712 711 1782 (ut
730 1720 791 1763 sunt
809 1711 866 1763 fere
884 1710 937 1764 don

171 1778 265 1848 lorum,
279 1780 324 1848 qui
342 1779 442 1831 vitandi
460 1789 552 1832 aestus
570 1797 659 1850 causa,
674 1780 833 1849 plerumque
853 1779 937 1832 silrar

171 1849 277 1901 minum
306 1856 400 1918 petunt
430 1848 653 1919 propinquitates)
677 1850 789 1901 comites
812 1849 937 1901 familiari

170 1918 329 1984 angusto‘iu
348 1918 405 1969 loco
423 1917 567 1986 paullisper
585 1919 707 1987 equitum
724 1927 872 1971 nostrorum
890 1918 937 1971 vin

171 1996 240 2038 runt.
276 1988 326 2039 His
349 1985 535 2055 pugnantibus,
561 1987 636 2039 illurn
666 1987 695 2040 in
723 2005 825 2056 equum
848 1988 937 2056 quidsi

170 2055 275 2108 intulit:
302 2056 449 2124 fugientem
474 2055 558 2108 silvae
582 2064 713 2109 texerunt.
750 2057 794 2110 Sic
813 2066 840 2110 et
861 2058 896 2110 ad
915 2075 937 2110 st

170 2125 320 2195 periculum
333 2125 407 2178 etad
420 2125 559 2178 vitandum
573 2126 686 2179 multum
701 2126 805 2180 fortuna
818 2127 910 2180 valuit.

206 2199 247 2246 31.
266 2195 405 2248 Ambiorix
422 2195 514 2264 copias
532 2212 595 2247 suas
610 2195 746 2263 judicione
769 2213 822 2249 non
840 2197 937 2249 eondur

170 2264 270 2333 proelio
289 2264 474 2316 dimicandum
494 2281 546 2316 non
565 2265 728 2334 existimarit,
742 2283 776 2318 an
792 2274 937 2335 tempores

170 2333 307 2402 repentino
325 2334 446 2402 equitum
463 2333 580 2386 adventu
600 2333 754 2402 prohibitus,
768 2352 854 2403 quum
871 2335 936 2404 reliq

169 2401 253 2454 citum
266 2402 392 2470 subsequi
405 2402 532 2471 crederet,
543 2403 656 2456 dubium
669 2413 724 2456 est:
746 2404 793 2456 sed
807 2413 880 2456 certe
893 2404 936 2457 cla

168 2487 217 2541 per
228 2488 305 2539 agros
317 2471 431 2540 nunciis,
441 2471 491 2524 sibi
504 2489 640 2542 quemque
652 2472 792 2526 consulere
803 2473 898 2542 jussit:
912 2491 937 2543 qr

199 2635 265 2683 ¹See
276 2651 299 2682 v.
312 2637 334 2692 3,
347 2636 379 2682 vi.
391 2638 427 2683 33.

199 2708 406 2756 ’lustramentum
416 2709 483 2764 here,
497 2725 524 2757 us
534 2709 610 2765 often,
623 2709 668 2757 has
679 2725 693 2757 a
704 2709 832 2758 collective
843 2710 937 2758 meanin

171 2767 203 2815 ull
214 2768 371 2827 implements
382 2768 410 2815 of
418 2784 482 2825 war;
497 2784 524 2816 so
536 2768 587 2816 that
599 2769 617 2816 it
628 2769 650 2816 is
661 2769 781 2817 thesemo
793 2785 820 2817 as
831 2779 937 2832 apparati

172 2826 293 2886 Compare
304 2843 328 2874 v.
340 2830 377 2884 31,
390 2837 447 2874 note
459 2831 481 2874 2.

200 2898 300 2960 ⁸Ipsum
311 2899 412 2960 effugere
423 2909 518 2947 morton
526 2917 537 2956 ;
555 2899 625 2947 these
642 2900 723 2948 words
742 2900 875 2948 constitute
893 2901 934 2949 the

172 2956 214 3004 the
226 2957 316 3013 clause,
330 2957 376 3004 and
392 2976 492 3026 prognae
502 2960 621 3027 fortunae
630 2961 685 3027 fait
702 2975 742 3007 ure
752 2960 801 3027 ¹the
819 2959 937 3029 predicate

171 3025 320 3135 pqqqsthrcrqq
331 3016 359 3063 of
372 3017 411 3065 lus
425 3020 574 3074 (Ambiorix)
592 3033 708 3078 escapmg
725 3018 788 3066 ulma
800 3035 851 3067 was
868 3035 883 3066 a
899 3035 937 3079 pre

201 3146 259 3193 ⁴Aa
267 3148 414 3194 subcundum
424 3148 499 3197 refers
512 3159 537 3196 to
548 3148 590 3196 the
607 3149 717 3199 Romans
728 3151 805 3199 under
816 3151 923 3209 Basrlus,
936 3168 937 3175 ¹

173 3204 214 3252 ths
231 3215 335 3264 enemy:
353 3206 427 3253 while
444 3211 476 3255 ad
492 3211 617 3256 uitandum
633 3209 709 3258 refers
726 3220 753 3259 to
764 3210 905 3268 Ambiorix,
918 3227 937 3260 w

172 3262 234 3312 from
245 3263 309 3312 their
320 3265 472 3323 unexpeoted
483 3265 574 3314 struck.
882 3281 885 3286 ·
