<?xml version="1.0" encoding="UTF-8"?>
<!DOCTYPE html PUBLIC "-//W3C//DTD XHTML 1.0 Transitional//EN"
    "http://www.w3.org/TR/xhtml1/DTD/xhtml1-transitional.dtd">
<html xmlns="http://www.w3.org/1999/xhtml" xml:lang="en" lang="en">
 <head>
  <title>
</title>
<meta http-equiv="Content-Type" content="text/html;charset=utf-8" />
  <meta name='ocr-system' content='tesseract 3.04.00' />
  <meta name='ocr-capabilities' content='ocr_page ocr_carea ocr_par ocr_line ocrx_word'/>
</head>
<body>
  <div class='ocr_page' id='page_1' title='image "./commentariidebe00caesgoog_0068.png"; bbox 0 0 2250 3736; ppageno 0'>
   <div class='ocr_carea' id='block_1_1' title="bbox 489 239 1025 297">
    <p class='ocr_par' dir='ltr' id='par_1_1' title="bbox 489 239 1025 297">
     <span class='ocr_line' id='line_1_1' title="bbox 489 239 1025 297; baseline 0.004 -2"><span class='ocrx_word' id='word_1_1' title='bbox 489 257 580 297; x_wconf 48' lang='lat' dir='ltr'><strong>timna</strong></span> <span class='ocrx_word' id='word_1_2' title='bbox 601 257 632 296; x_wconf 90' lang='lat' dir='ltr'><strong>rr.</strong></span> <span class='ocrx_word' id='word_1_3' title='bbox 984 239 1025 297; x_wconf 81' lang='grc'><strong>59</strong></span> 
     </span>
    </p>
   </div>
   <div class='ocr_carea' id='block_1_2' title="bbox 92 362 1027 2494">
    <p class='ocr_par' dir='ltr' id='par_1_2' title="bbox 139 362 1026 640">
     <span class='ocr_line' id='line_1_2' title="bbox 140 362 1026 434; baseline 0.009 -26"><span class='ocrx_word' id='word_1_4' title='bbox 140 368 215 434; x_wconf 77' lang='lat' dir='ltr'><strong>manus</strong></span> <span class='ocrx_word' id='word_1_5' title='bbox 227 362 282 432; x_wconf 88' lang='lat' dir='ltr'><strong>cogi,</strong></span> <span class='ocrx_word' id='word_1_6' title='bbox 295 363 442 426; x_wconf 81' lang='lat' dir='ltr'><strong>exercitum</strong></span> <span class='ocrx_word' id='word_1_7' title='bbox 464 364 593 416; x_wconf 87' lang='lat' dir='ltr'><strong>inunum</strong></span> <span class='ocrx_word' id='word_1_8' title='bbox 613 364 700 416; x_wconf 90' lang='lat' dir='ltr'><strong>locum</strong></span> <span class='ocrx_word' id='word_1_9' title='bbox 721 363 842 416; x_wconf 83' lang='lat' dir='ltr'><strong>conduci.</strong></span> <span class='ocrx_word' id='word_1_10' title='bbox 879 364 949 417; x_wconf 86' lang='lat' dir='ltr'><strong>Tum</strong></span> <span class='ocrx_word' id='word_1_11' title='bbox 962 381 1026 416; x_wconf 83' lang='lat' dir='ltr'><strong>vero</strong></span> 
     </span>
     <span class='ocr_line' id='line_1_3' title="bbox 139 421 1026 500; baseline 0.016 -29"><span class='ocrx_word' id='word_1_12' title='bbox 139 421 280 484; x_wconf 81' lang='lat' dir='ltr'><strong>dubitandum</strong></span> <span class='ocrx_word' id='word_1_13' title='bbox 297 450 346 485; x_wconf 90' lang='lat' dir='ltr'><strong>non</strong></span> <span class='ocrx_word' id='word_1_14' title='bbox 364 433 535 499; x_wconf 86' lang='lat' dir='ltr'><strong>existimavit,</strong></span> <span class='ocrx_word' id='word_1_15' title='bbox 549 434 612 500; x_wconf 93' lang='lat' dir='ltr'><strong>quin</strong></span> <span class='ocrx_word' id='word_1_16' title='bbox 626 433 658 484; x_wconf 87' lang='lat' dir='ltr'><strong>ad</strong></span> <span class='ocrx_word' id='word_1_17' title='bbox 673 450 719 484; x_wconf 91' lang='lat' dir='ltr'><strong>eos</strong></span> <span class='ocrx_word' id='word_1_18' title='bbox 732 433 950 500; x_wconf 85' lang='lat' dir='ltr'><strong>proficisceretur.</strong></span> <span class='ocrx_word' id='word_1_19' title='bbox 987 435 1026 485; x_wconf 88' lang='lat' dir='ltr'><strong>Re</strong></span> 
     </span>
     <span class='ocr_line' id='line_1_4' title="bbox 140 488 1026 572; baseline 0.018 -33"><span class='ocrx_word' id='word_1_20' title='bbox 140 488 277 570; x_wconf 82' lang='lat' dir='ltr'><strong>irurnentaria</strong></span> <span class='ocrx_word' id='word_1_21' title='bbox 294 511 449 569; x_wconf 90' lang='lat' dir='ltr'><strong>comparata</strong></span> <span class='ocrx_word' id='word_1_22' title='bbox 466 512 551 553; x_wconf 89' lang='lat' dir='ltr'><strong>castra</strong></span> <span class='ocrx_word' id='word_1_23' title='bbox 567 513 657 554; x_wconf 88' lang='lat' dir='ltr'><strong>movet</strong></span> <span class='ocrx_word' id='word_1_24' title='bbox 670 502 820 571; x_wconf 87' lang='lat' dir='ltr'><strong>diebusque</strong></span> <span class='ocrx_word' id='word_1_25' title='bbox 834 503 938 555; x_wconf 81' lang='lat' dir='ltr'>circiter</span> <span class='ocrx_word' id='word_1_26' title='bbox 950 503 1026 572; x_wconf 92' lang='lat' dir='ltr'><strong>quin·</strong></span> 
     </span>
     <span class='ocr_line' id='line_1_5' title="bbox 139 558 616 640; baseline 0.031 -33"><span class='ocrx_word' id='word_1_27' title='bbox 139 558 207 616; x_wconf 81' lang='lat' dir='ltr'><strong>decim</strong></span> <span class='ocrx_word' id='word_1_28' title='bbox 216 569 243 620; x_wconf 87' lang='lat' dir='ltr'><strong>ad</strong></span> <span class='ocrx_word' id='word_1_29' title='bbox 254 571 319 622; x_wconf 90' lang='lat' dir='ltr'><strong>fines</strong></span> <span class='ocrx_word' id='word_1_30' title='bbox 332 570 473 638; x_wconf 84' lang='lat' dir='ltr'><strong>Belgarum</strong></span> <span class='ocrx_word' id='word_1_31' title='bbox 486 572 616 640; x_wconf 85' lang='lat' dir='ltr'><strong>pervenit.</strong></span> 
     </span>
    </p>

    <p class='ocr_par' dir='ltr' id='par_1_3' title="bbox 120 633 1027 1591">
     <span class='ocr_line' id='line_1_6' title="bbox 167 633 1024 711; baseline 0.007 -24"><span class='ocrx_word' id='word_1_32' title='bbox 167 633 184 681; x_wconf 82' lang='lat'><strong>³·</strong></span> <span class='ocrx_word' id='word_1_33' title='bbox 193 635 229 711; x_wconf 84' lang='lat' dir='ltr'><strong>¹Eo</strong></span> <span class='ocrx_word' id='word_1_34' title='bbox 239 656 295 692; x_wconf 90' lang='lat' dir='ltr'><strong>cnm</strong></span> <span class='ocrx_word' id='word_1_35' title='bbox 310 640 344 691; x_wconf 88' lang='lat' dir='ltr'><strong>de</strong></span> <span class='ocrx_word' id='word_1_36' title='bbox 357 640 499 708; x_wconf 90' lang='lat' dir='ltr'><strong>improviso</strong></span> <span class='ocrx_word' id='word_1_37' title='bbox 509 640 677 706; x_wconf 83' lang='lat' dir='ltr'><strong>celeriusque</strong></span> <span class='ocrx_word' id='word_1_38' title='bbox 686 641 758 692; x_wconf 92' lang='lat' dir='ltr'><strong>omni</strong></span> <span class='ocrx_word' id='word_1_39' title='bbox 766 641 889 710; x_wconf 92' lang='lat' dir='ltr'><strong>opinione</strong></span> <span class='ocrx_word' id='word_1_40' title='bbox 899 642 1024 709; x_wconf 83' lang='lat' dir='ltr'><strong>venisset,</strong></span> 
     </span>
     <span class='ocr_line' id='line_1_7' title="bbox 139 697 1026 778; baseline 0.002 -18"><span class='ocrx_word' id='word_1_41' title='bbox 139 697 210 778; x_wconf 81' lang='lat' dir='ltr'><strong>Rem,¹</strong></span> <span class='ocrx_word' id='word_1_42' title='bbox 225 710 264 776; x_wconf 88' lang='lat' dir='ltr'><strong>qui</strong></span> <span class='ocrx_word' id='word_1_43' title='bbox 285 712 397 777; x_wconf 83' lang='lat' dir='ltr'>proximi</span> <span class='ocrx_word' id='word_1_44' title='bbox 416 710 519 762; x_wconf 88' lang='lat' dir='ltr'><strong>Galliae</strong></span> <span class='ocrx_word' id='word_1_45' title='bbox 540 727 574 762; x_wconf 82' lang='lat' dir='ltr'><strong>ex</strong></span> <span class='ocrx_word' id='word_1_46' title='bbox 593 709 683 777; x_wconf 80' lang='lat' dir='ltr'><strong>Belgis</strong></span> <span class='ocrx_word' id='word_1_47' title='bbox 702 718 770 778; x_wconf 87' lang='lat' dir='ltr'><strong>sunt,</strong></span> <span class='ocrx_word' id='word_1_48' title='bbox 789 710 823 762; x_wconf 91' lang='lat' dir='ltr'><strong>ad</strong></span> <span class='ocrx_word' id='word_1_49' title='bbox 844 728 908 762; x_wconf 86' lang='lat' dir='ltr'><strong>euru</strong></span> <span class='ocrx_word' id='word_1_50' title='bbox 926 710 1026 777; x_wconf 83' lang='lat' dir='ltr'><strong>legatus</strong></span> 
     </span>
     <span class='ocr_line' id='line_1_8' title="bbox 138 765 1026 848; baseline 0.006 -22"><span class='ocrx_word' id='word_1_51' title='bbox 138 765 215 842; x_wconf 50' lang='lat' dir='ltr'><strong>illlum</strong></span> <span class='ocrx_word' id='word_1_52' title='bbox 234 791 258 829; x_wconf 90' lang='lat' dir='ltr'><strong>et</strong></span> <span class='ocrx_word' id='word_1_53' title='bbox 279 779 537 847; x_wconf 80' lang='lat' dir='ltr'><strong>Andecumborium,</strong></span> <span class='ocrx_word' id='word_1_54' title='bbox 558 779 657 847; x_wconf 90' lang='lat' dir='ltr'><strong>primos</strong></span> <span class='ocrx_word' id='word_1_55' title='bbox 676 779 798 847; x_wconf 88' lang='lat' dir='ltr'><strong>civitatis,</strong></span> <span class='ocrx_word' id='word_1_56' title='bbox 821 781 958 847; x_wconf 86' lang='lat' dir='ltr'><strong>miserunt,</strong></span> <span class='ocrx_word' id='word_1_57' title='bbox 981 779 1026 848; x_wconf 90' lang='lat' dir='ltr'><strong>qni</strong></span> 
     </span>
     <span class='ocr_line' id='line_1_9' title="bbox 137 833 1025 928; baseline 0.015 -41"><span class='ocrx_word' id='word_1_58' title='bbox 137 833 227 896; x_wconf 83' lang='lat' dir='ltr'><strong>dicerent</strong></span> <span class='ocrx_word' id='word_1_59' title='bbox 238 848 274 898; x_wconf 73' lang='lat' dir='ltr'><strong>se&#39;</strong></span> <span class='ocrx_word' id='word_1_60' title='bbox 282 864 384 915; x_wconf 88' lang='lat' dir='ltr'><strong>suaque</strong></span> <span class='ocrx_word' id='word_1_61' title='bbox 394 848 483 900; x_wconf 91' lang='lat' dir='ltr'><strong>omnia</strong></span> <span class='ocrx_word' id='word_1_62' title='bbox 496 849 521 900; x_wconf 94' lang='lat' dir='ltr'><strong>in</strong></span> <span class='ocrx_word' id='word_1_63' title='bbox 533 848 616 901; x_wconf 90' lang='lat' dir='ltr'><strong>fidem</strong></span> <span class='ocrx_word' id='word_1_64' title='bbox 628 857 710 914; x_wconf 89' lang='lat' dir='ltr'><strong>atque</strong></span> <span class='ocrx_word' id='word_1_65' title='bbox 723 848 749 900; x_wconf 91' lang='lat' dir='ltr'><strong>in</strong></span> <span class='ocrx_word' id='word_1_66' title='bbox 797 858 922 900; x_wconf 89' lang='lat' dir='ltr'><strong>testatem</strong></span> <span class='ocrx_word' id='word_1_67' title='bbox 935 848 1025 928; x_wconf 90' lang='lat' dir='ltr'><strong>populi</strong></span> 
     </span>
     <span class='ocr_line' id='line_1_10' title="bbox 137 903 1026 986; baseline 0.007 -22"><span class='ocrx_word' id='word_1_68' title='bbox 137 903 221 965; x_wconf 82' lang='lat' dir='ltr'><strong>R⁰tttttni</strong></span> <span class='ocrx_word' id='word_1_69' title='bbox 231 917 390 984; x_wconf 81' lang='lat' dir='ltr'><strong>permittere,</strong></span> <span class='ocrx_word' id='word_1_70' title='bbox 403 933 491 985; x_wconf 88' lang='lat' dir='ltr'><strong>neque</strong></span> <span class='ocrx_word' id='word_1_71' title='bbox 510 934 540 968; x_wconf 92' lang='lat' dir='ltr'><strong>se</strong></span> <span class='ocrx_word' id='word_1_72' title='bbox 558 934 621 969; x_wconf 91' lang='lat' dir='ltr'><strong>cum</strong></span> <span class='ocrx_word' id='word_1_73' title='bbox 634 917 723 984; x_wconf 82' lang='lat' dir='ltr'><strong>Belgis</strong></span> <span class='ocrx_word' id='word_1_74' title='bbox 735 934 762 969; x_wconf 93' lang='lat' dir='ltr'><strong>re</strong></span> <span class='ocrx_word' id='word_1_75' title='bbox 775 919 846 986; x_wconf 89' lang='lat' dir='ltr'><strong>iqnis</strong></span> <span class='ocrx_word' id='word_1_76' title='bbox 858 927 1026 970; x_wconf 79' lang='lat' dir='ltr'><strong>consensisse</strong></span> 
     </span>
     <span class='ocr_line' id='line_1_11' title="bbox 137 985 1026 1056; baseline 0.01 -26"><span class='ocrx_word' id='word_1_77' title='bbox 137 987 202 1044; x_wconf 74' lang='lat' dir='ltr'><strong>neque</strong></span> <span class='ocrx_word' id='word_1_78' title='bbox 212 995 293 1037; x_wconf 88' lang='lat' dir='ltr'><strong>contra</strong></span> <span class='ocrx_word' id='word_1_79' title='bbox 305 985 434 1054; x_wconf 90' lang='lat' dir='ltr'><strong>populum</strong></span> <span class='ocrx_word' id='word_1_80' title='bbox 449 987 599 1039; x_wconf 88' lang='lat' dir='ltr'><strong>Romanum</strong></span> <span class='ocrx_word' id='word_1_81' title='bbox 615 986 776 1055; x_wconf 88' lang='lat' dir='ltr'><strong>conjurasse,</strong></span> <span class='ocrx_word' id='word_1_82' title='bbox 790 996 948 1056; x_wconf 87' lang='lat' dir='ltr'><strong>paratosque</strong></span> <span class='ocrx_word' id='word_1_83' title='bbox 965 1005 1026 1039; x_wconf 86' lang='lat' dir='ltr'><strong>esse</strong></span> 
     </span>
     <span class='ocr_line' id='line_1_12' title="bbox 135 1048 1026 1125; baseline 0.018 -33"><span class='ocrx_word' id='word_1_84' title='bbox 135 1051 157 1093; x_wconf 89' lang='lat' dir='ltr'><strong>et</strong></span> <span class='ocrx_word' id='word_1_85' title='bbox 169 1048 257 1106; x_wconf 87' lang='lat' dir='ltr'><strong>obsides</strong></span> <span class='ocrx_word' id='word_1_86' title='bbox 272 1054 336 1107; x_wconf 88' lang='lat' dir='ltr'><strong>dare</strong></span> <span class='ocrx_word' id='word_1_87' title='bbox 355 1063 383 1106; x_wconf 91' lang='lat' dir='ltr'><strong>et</strong></span> <span class='ocrx_word' id='word_1_88' title='bbox 400 1055 530 1124; x_wconf 88' lang='lat' dir='ltr'><strong>imperata</strong></span> <span class='ocrx_word' id='word_1_89' title='bbox 548 1055 637 1107; x_wconf 82' lang='lat' dir='ltr'><strong>iacere</strong></span> <span class='ocrx_word' id='word_1_90' title='bbox 650 1068 676 1107; x_wconf 87' lang='lat' dir='ltr'><strong>et</strong></span> <span class='ocrx_word' id='word_1_91' title='bbox 689 1055 793 1125; x_wconf 85' lang='lat' dir='ltr'><strong>oppidis</strong></span> <span class='ocrx_word' id='word_1_92' title='bbox 806 1058 922 1125; x_wconf 87' lang='lat' dir='ltr'><strong>recipere</strong></span> <span class='ocrx_word' id='word_1_93' title='bbox 935 1067 961 1108; x_wconf 90' lang='lat' dir='ltr'><strong>et</strong></span> <span class='ocrx_word' id='word_1_94' title='bbox 975 1056 987 1108; x_wconf 90' lang='lat' dir='ltr'>s</span> <span class='ocrx_word' id='word_1_95' title='bbox 1016 1087 1026 1098; x_wconf 94' lang='lat'>-</span> 
     </span>
     <span class='ocr_line' id='line_1_13' title="bbox 134 1123 1027 1193; baseline 0.011 -25"><span class='ocrx_word' id='word_1_96' title='bbox 134 1127 203 1170; x_wconf 83' lang='lat' dir='ltr'><strong>mento</strong></span> <span class='ocrx_word' id='word_1_97' title='bbox 212 1124 356 1192; x_wconf 88' lang='lat' dir='ltr'><strong>ceterisque</strong></span> <span class='ocrx_word' id='word_1_98' title='bbox 366 1125 446 1177; x_wconf 86' lang='lat' dir='ltr'><strong>rebus</strong></span> <span class='ocrx_word' id='word_1_99' title='bbox 456 1123 565 1192; x_wconf 87' lang='lat' dir='ltr'><strong>juvare;</strong></span> <span class='ocrx_word' id='word_1_100' title='bbox 578 1125 693 1192; x_wconf 90' lang='lat' dir='ltr'><strong>reliquos</strong></span> <span class='ocrx_word' id='word_1_101' title='bbox 701 1141 796 1176; x_wconf 86' lang='lat' dir='ltr'><strong>omnes</strong></span> <span class='ocrx_word' id='word_1_102' title='bbox 805 1125 901 1193; x_wconf 84' lang='lat' dir='ltr'><strong>Belgas</strong></span> <span class='ocrx_word' id='word_1_103' title='bbox 909 1126 934 1177; x_wconf 92' lang='lat' dir='ltr'><strong>in</strong></span> <span class='ocrx_word' id='word_1_104' title='bbox 945 1127 1027 1178; x_wconf 89' lang='lat' dir='ltr'><strong>armis</strong></span> 
     </span>
     <span class='ocr_line' id='line_1_14' title="bbox 134 1191 1027 1264; baseline 0.006 -22"><span class='ocrx_word' id='word_1_105' title='bbox 134 1196 184 1264; x_wconf 64' lang='lat' dir='ltr'><strong>etse,</strong></span> <span class='ocrx_word' id='word_1_106' title='bbox 195 1191 396 1262; x_wconf 85' lang='lat' dir='ltr'><strong>Germanosque,</strong></span> <span class='ocrx_word' id='word_1_107' title='bbox 409 1195 456 1262; x_wconf 90' lang='lat' dir='ltr'><strong>qui</strong></span> <span class='ocrx_word' id='word_1_108' title='bbox 476 1194 516 1246; x_wconf 88' lang='lat' dir='ltr'><strong>cis</strong></span> <span class='ocrx_word' id='word_1_109' title='bbox 534 1194 660 1246; x_wconf 88' lang='lat' dir='ltr'><strong>Rhenum</strong></span> <span class='ocrx_word' id='word_1_110' title='bbox 678 1192 801 1263; x_wconf 79' lang='lat' dir='ltr'><strong>incolant,</strong></span> <span class='ocrx_word' id='word_1_111' title='bbox 821 1211 882 1248; x_wconf 89' lang='lat' dir='ltr'><strong>sese</strong></span> <span class='ocrx_word' id='word_1_112' title='bbox 902 1212 964 1247; x_wconf 87' lang='lat' dir='ltr'><strong>cum</strong></span> <span class='ocrx_word' id='word_1_113' title='bbox 984 1194 1027 1247; x_wconf 92' lang='lat' dir='ltr'><strong>his</strong></span> 
     </span>
     <span class='ocr_line' id='line_1_15' title="bbox 131 1261 1026 1333; baseline 0.008 -23"><span class='ocrx_word' id='word_1_114' title='bbox 131 1261 281 1331; x_wconf 68' lang='lat' dir='ltr'><strong>conjunxisse,</strong></span> <span class='ocrx_word' id='word_1_115' title='bbox 295 1272 399 1315; x_wconf 89' lang='lat' dir='ltr'><strong>tanturn</strong></span> <span class='ocrx_word' id='word_1_116' title='bbox 418 1280 453 1315; x_wconf 88' lang='lat' dir='ltr'><strong>ue</strong></span> <span class='ocrx_word' id='word_1_117' title='bbox 472 1280 532 1314; x_wconf 88' lang='lat' dir='ltr'><strong>esse</strong></span> <span class='ocrx_word' id='word_1_118' title='bbox 552 1279 643 1315; x_wconf 91' lang='lat' dir='ltr'><strong>eorum</strong></span> <span class='ocrx_word' id='word_1_119' title='bbox 662 1263 780 1315; x_wconf 90' lang='lat' dir='ltr'><strong>omnium</strong></span> <span class='ocrx_word' id='word_1_120' title='bbox 801 1263 925 1333; x_wconf 84' lang='lat' dir='ltr'><strong>furorem,</strong></span> <span class='ocrx_word' id='word_1_121' title='bbox 943 1273 973 1316; x_wconf 94' lang='lat' dir='ltr'><strong>ut</strong></span> <span class='ocrx_word' id='word_1_122' title='bbox 992 1282 1026 1333; x_wconf 88' lang='lat' dir='ltr'><strong>ne</strong></span> 
     </span>
     <span class='ocr_line' id='line_1_16' title="bbox 129 1280 1026 1401; baseline 0.012 -26"><span class='ocrx_word' id='word_1_123' title='bbox 129 1319 259 1398; x_wconf 64' lang='lat' dir='ltr'><strong>§cessiones</strong></span> <span class='ocrx_word' id='word_1_124' title='bbox 270 1331 391 1400; x_wconf 90' lang='lat' dir='ltr'><strong>quidem,</strong></span> <span class='ocrx_word' id='word_1_125' title='bbox 400 1280 499 1384; x_wconf 73' lang='lat' dir='ltr'><strong>iratres</strong></span> <span class='ocrx_word' id='word_1_126' title='bbox 510 1332 775 1400; x_wconf 83' lang='lat' dir='ltr'><strong>consanguineosque</strong></span> <span class='ocrx_word' id='word_1_127' title='bbox 788 1349 856 1401; x_wconf 88' lang='lat' dir='ltr'><strong>suos,</strong></span> <span class='ocrx_word' id='word_1_128' title='bbox 870 1334 915 1401; x_wconf 90' lang='lat' dir='ltr'><strong>qui</strong></span> <span class='ocrx_word' id='word_1_129' title='bbox 930 1334 1026 1387; x_wconf 87' lang='lat' dir='ltr'><strong>eodem</strong></span> 
     </span>
     <span class='ocr_line' id='line_1_17' title="bbox 125 1399 1025 1472; baseline 0.011 -27"><span class='ocrx_word' id='word_1_130' title='bbox 125 1406 172 1472; x_wconf 78' lang='lat' dir='ltr'><strong>Jure</strong></span> <span class='ocrx_word' id='word_1_131' title='bbox 182 1407 205 1450; x_wconf 92' lang='lat' dir='ltr'><strong>et</strong></span> <span class='ocrx_word' id='word_1_132' title='bbox 216 1399 309 1454; x_wconf 88' lang='lat' dir='ltr'><strong>iisdem</strong></span> <span class='ocrx_word' id='word_1_133' title='bbox 322 1400 428 1469; x_wconf 88' lang='lat' dir='ltr'><strong>legibus</strong></span> <span class='ocrx_word' id='word_1_134' title='bbox 439 1411 554 1471; x_wconf 89' lang='lat' dir='ltr'><strong>utantur,</strong></span> <span class='ocrx_word' id='word_1_135' title='bbox 566 1418 649 1453; x_wconf 92' lang='lat' dir='ltr'><strong>unum</strong></span> <span class='ocrx_word' id='word_1_136' title='bbox 662 1401 806 1470; x_wconf 89' lang='lat' dir='ltr'><strong>imperium</strong></span> <span class='ocrx_word' id='word_1_137' title='bbox 819 1420 957 1471; x_wconf 91' lang='lat' dir='ltr'><strong>unumque</strong></span> <span class='ocrx_word' id='word_1_138' title='bbox 970 1421 1025 1455; x_wconf 90' lang='lat' dir='ltr'><strong>ma-</strong></span> 
     </span>
     <span class='ocr_line' id='line_1_18' title="bbox 120 1469 1026 1585; baseline 0.011 -69"><span class='ocrx_word' id='word_1_139' title='bbox 120 1474 241 1585; x_wconf 69' lang='lat' dir='ltr'><strong>pstratnm</strong></span> <span class='ocrx_word' id='word_1_140' title='bbox 260 1488 322 1523; x_wconf 91' lang='lat' dir='ltr'><strong>cum</strong></span> <span class='ocrx_word' id='word_1_141' title='bbox 342 1471 406 1540; x_wconf 87' lang='lat' dir='ltr'><strong>ipsis</strong></span> <span class='ocrx_word' id='word_1_142' title='bbox 423 1471 547 1540; x_wconf 86' lang='lat' dir='ltr'><strong>habeant,</strong></span> <span class='ocrx_word' id='word_1_143' title='bbox 566 1469 701 1522; x_wconf 88' lang='lat' dir='ltr'><strong>deterrere</strong></span> <span class='ocrx_word' id='word_1_144' title='bbox 719 1472 858 1541; x_wconf 87' lang='lat' dir='ltr'><strong>potuerint,</strong></span> <span class='ocrx_word' id='word_1_145' title='bbox 879 1473 942 1541; x_wconf 90' lang='lat' dir='ltr'><strong>quin</strong></span> <span class='ocrx_word' id='word_1_146' title='bbox 963 1490 1026 1526; x_wconf 85' lang='lat' dir='ltr'><strong>oum</strong></span> 
     </span>
     <span class='ocr_line' id='line_1_19' title="bbox 137 1540 346 1591; baseline 0.033 -6"><span class='ocrx_word' id='word_1_147' title='bbox 137 1552 157 1586; x_wconf 91' lang='lat' dir='ltr'><strong>rs</strong></span> <span class='ocrx_word' id='word_1_148' title='bbox 167 1540 346 1591; x_wconf 87' lang='lat' dir='ltr'><strong>consentirent.</strong></span> 
     </span>
    </p>

    <p class='ocr_par' dir='ltr' id='par_1_4' title="bbox 92 1607 1027 2494">
     <span class='ocr_line' id='line_1_20' title="bbox 146 1607 1027 1678; baseline 0.006 -20"><span class='ocrx_word' id='word_1_149' title='bbox 146 1611 170 1658; x_wconf 83' lang='grc'><strong>4.</strong></span> <span class='ocrx_word' id='word_1_150' title='bbox 186 1607 248 1661; x_wconf 89' lang='lat' dir='ltr'><strong>Cum</strong></span> <span class='ocrx_word' id='word_1_151' title='bbox 261 1610 295 1662; x_wconf 92' lang='lat' dir='ltr'><strong>ab</strong></span> <span class='ocrx_word' id='word_1_152' title='bbox 309 1610 508 1678; x_wconf 87' lang='lat' dir='ltr'><strong>hisquaereret,</strong></span> <span class='ocrx_word' id='word_1_153' title='bbox 517 1626 588 1678; x_wconf 87' lang='lat' dir='ltr'><strong>qnae</strong></span> <span class='ocrx_word' id='word_1_154' title='bbox 598 1609 720 1661; x_wconf 87' lang='lat' dir='ltr'><strong>civitates</strong></span> <span class='ocrx_word' id='word_1_155' title='bbox 728 1617 897 1678; x_wconf 86' lang='lat' dir='ltr'><strong>quantaeque</strong></span> <span class='ocrx_word' id='word_1_156' title='bbox 909 1611 933 1662; x_wconf 91' lang='lat' dir='ltr'><strong>in</strong></span> <span class='ocrx_word' id='word_1_157' title='bbox 944 1611 1027 1663; x_wconf 91' lang='lat' dir='ltr'><strong>armis</strong></span> 
     </span>
     <span class='ocr_line' id='line_1_21' title="bbox 114 1677 1026 1747; baseline 0.004 -20"><span class='ocrx_word' id='word_1_158' title='bbox 114 1686 196 1728; x_wconf 83' lang='lat' dir='ltr'><strong>essent</strong></span> <span class='ocrx_word' id='word_1_159' title='bbox 205 1687 229 1729; x_wconf 91' lang='lat' dir='ltr'><strong>et</strong></span> <span class='ocrx_word' id='word_1_160' title='bbox 239 1679 302 1746; x_wconf 87' lang='lat' dir='ltr'><strong>quid</strong></span> <span class='ocrx_word' id='word_1_161' title='bbox 313 1679 339 1730; x_wconf 91' lang='lat' dir='ltr'><strong>in</strong></span> <span class='ocrx_word' id='word_1_162' title='bbox 349 1677 419 1730; x_wconf 92' lang='lat' dir='ltr'><strong>bello</strong></span> <span class='ocrx_word' id='word_1_163' title='bbox 429 1689 544 1746; x_wconf 87' lang='lat' dir='ltr'><strong>possent,</strong></span> <span class='ocrx_word' id='word_1_164' title='bbox 555 1679 593 1730; x_wconf 89' lang='lat' dir='ltr'><strong>sic</strong></span> <span class='ocrx_word' id='word_1_165' title='bbox 603 1678 750 1746; x_wconf 87' lang='lat' dir='ltr'><strong>reperiebat</strong></span> <span class='ocrx_word' id='word_1_166' title='bbox 760 1694 765 1730; x_wconf 92' lang='lat'>:</span> <span class='ocrx_word' id='word_1_167' title='bbox 780 1679 920 1747; x_wconf 85' lang='lat' dir='ltr'><strong>plerosque</strong></span> <span class='ocrx_word' id='word_1_168' title='bbox 930 1679 1026 1746; x_wconf 89' lang='lat' dir='ltr'><strong>Belgas</strong></span> 
     </span>
     <span class='ocr_line' id='line_1_22' title="bbox 110 1747 1026 1817; baseline 0.004 -21"><span class='ocrx_word' id='word_1_169' title='bbox 110 1747 1026 1817; x_wconf 87' lang='lat' dir='ltr'><strong>esseortcsabGermanisRhennmqneantiquitustraductospropter</strong></span> 
     </span>
     <span class='ocr_line' id='line_1_23' title="bbox 108 1813 1024 1887; baseline 0.003 -20"><span class='ocrx_word' id='word_1_170' title='bbox 108 1813 158 1867; x_wconf 92' lang='lat' dir='ltr'><strong>loci</strong></span> <span class='ocrx_word' id='word_1_171' title='bbox 167 1815 329 1869; x_wconf 77' lang='lat' dir='ltr'><strong>fertilitatem</strong></span> <span class='ocrx_word' id='word_1_172' title='bbox 340 1817 375 1868; x_wconf 92' lang='lat' dir='ltr'><strong>ibi</strong></span> <span class='ocrx_word' id='word_1_173' title='bbox 384 1817 537 1868; x_wconf 87' lang='lat' dir='ltr'><strong>consedisse</strong></span> <span class='ocrx_word' id='word_1_174' title='bbox 546 1817 698 1884; x_wconf 88' lang='lat' dir='ltr'><strong>Gallosque,</strong></span> <span class='ocrx_word' id='word_1_175' title='bbox 707 1817 752 1884; x_wconf 92' lang='lat' dir='ltr'><strong>qui</strong></span> <span class='ocrx_word' id='word_1_176' title='bbox 761 1834 793 1868; x_wconf 89' lang='lat' dir='ltr'><strong>ea</strong></span> <span class='ocrx_word' id='word_1_177' title='bbox 803 1817 861 1869; x_wconf 86' lang='lat' dir='ltr'><strong>loca</strong></span> <span class='ocrx_word' id='word_1_178' title='bbox 870 1817 1024 1887; x_wconf 87' lang='lat' dir='ltr'><strong>incolerent,</strong></span> 
     </span>
     <span class='ocr_line' id='line_1_24' title="bbox 104 1885 1025 1954; baseline 0.002 -18"><span class='ocrx_word' id='word_1_179' title='bbox 104 1885 238 1952; x_wconf 81' lang='lat' dir='ltr'><strong>expulisse</strong></span> <span class='ocrx_word' id='word_1_180' title='bbox 251 1886 373 1954; x_wconf 89' lang='lat' dir='ltr'><strong>solosque</strong></span> <span class='ocrx_word' id='word_1_181' title='bbox 386 1903 454 1953; x_wconf 88' lang='lat' dir='ltr'><strong>esse,</strong></span> <span class='ocrx_word' id='word_1_182' title='bbox 468 1886 514 1954; x_wconf 93' lang='lat' dir='ltr'><strong>qui</strong></span> <span class='ocrx_word' id='word_1_183' title='bbox 533 1894 638 1954; x_wconf 89' lang='lat' dir='ltr'><strong>patrum</strong></span> <span class='ocrx_word' id='word_1_184' title='bbox 651 1895 798 1939; x_wconf 85' lang='lat' dir='ltr'><strong>nostrornm</strong></span> <span class='ocrx_word' id='word_1_185' title='bbox 811 1888 940 1940; x_wconf 87' lang='lat' dir='ltr'><strong>memoria</strong></span> <span class='ocrx_word' id='word_1_186' title='bbox 953 1888 1025 1939; x_wconf 92' lang='lat' dir='ltr'><strong>omni</strong></span> 
     </span>
     <span class='ocr_line' id='line_1_25' title="bbox 102 1953 1025 2024; baseline 0.001 -17"><span class='ocrx_word' id='word_1_187' title='bbox 102 1953 191 2007; x_wconf 83' lang='lat' dir='ltr'><strong>Gallia</strong></span> <span class='ocrx_word' id='word_1_188' title='bbox 209 1965 303 2007; x_wconf 85' lang='lat' dir='ltr'><strong>vexata</strong></span> <span class='ocrx_word' id='word_1_189' title='bbox 321 1956 456 2007; x_wconf 88' lang='lat' dir='ltr'><strong>Teutonos</strong></span> <span class='ocrx_word' id='word_1_190' title='bbox 474 1955 648 2022; x_wconf 87' lang='lat' dir='ltr'><strong>Cimbrosque</strong></span> <span class='ocrx_word' id='word_1_191' title='bbox 668 1954 734 2007; x_wconf 86' lang='lat' dir='ltr'><strong>intra</strong></span> <span class='ocrx_word' id='word_1_192' title='bbox 754 1955 821 2008; x_wconf 89' lang='lat' dir='ltr'><strong>fines</strong></span> <span class='ocrx_word' id='word_1_193' title='bbox 840 1974 902 2009; x_wconf 89' lang='lat' dir='ltr'><strong>suos</strong></span> <span class='ocrx_word' id='word_1_194' title='bbox 922 1957 1025 2024; x_wconf 83' lang='lat' dir='ltr'><strong>ingredi</strong></span> 
     </span>
     <span class='ocr_line' id='line_1_26' title="bbox 98 2023 1025 2094; baseline 0 -18"><span class='ocrx_word' id='word_1_195' title='bbox 98 2023 282 2094; x_wconf 86' lang='lat' dir='ltr'><strong>prohibuerint</strong></span> <span class='ocrx_word' id='word_1_196' title='bbox 291 2041 299 2092; x_wconf 88' lang='lat'>;</span> <span class='ocrx_word' id='word_1_197' title='bbox 324 2041 378 2092; x_wconf 92' lang='lat' dir='ltr'><strong>qua</strong></span> <span class='ocrx_word' id='word_1_198' title='bbox 401 2041 435 2076; x_wconf 86' lang='lat' dir='ltr'><strong>ex</strong></span> <span class='ocrx_word' id='word_1_199' title='bbox 460 2041 487 2076; x_wconf 89' lang='lat' dir='ltr'><strong>re</strong></span> <span class='ocrx_word' id='word_1_200' title='bbox 512 2024 579 2092; x_wconf 86' lang='lat' dir='ltr'><strong>fieri,</strong></span> <span class='ocrx_word' id='word_1_201' title='bbox 598 2024 637 2075; x_wconf 86' lang='lat' dir='ltr'><strong>uti</strong></span> <span class='ocrx_word' id='word_1_202' title='bbox 663 2041 755 2075; x_wconf 88' lang='lat' dir='ltr'><strong>earum</strong></span> <span class='ocrx_word' id='word_1_203' title='bbox 782 2042 870 2079; x_wconf 91' lang='lat' dir='ltr'><strong>rerum</strong></span> <span class='ocrx_word' id='word_1_204' title='bbox 895 2026 1025 2078; x_wconf 87' lang='lat' dir='ltr'><strong>memoria</strong></span> 
     </span>
     <span class='ocr_line' id='line_1_27' title="bbox 97 2093 1024 2161; baseline -0.001 -14"><span class='ocrx_word' id='word_1_205' title='bbox 97 2109 229 2159; x_wconf 79' lang='lat' dir='ltr'><strong>magnam</strong></span> <span class='ocrx_word' id='word_1_206' title='bbox 249 2093 298 2146; x_wconf 90' lang='lat' dir='ltr'><strong>sibi</strong></span> <span class='ocrx_word' id='word_1_207' title='bbox 318 2094 503 2146; x_wconf 86' lang='lat' dir='ltr'><strong>auctoritatem</strong></span> <span class='ocrx_word' id='word_1_208' title='bbox 523 2109 688 2161; x_wconf 87' lang='lat' dir='ltr'><strong>magnosque</strong></span> <span class='ocrx_word' id='word_1_209' title='bbox 707 2093 813 2160; x_wconf 84' lang='lat' dir='ltr'><strong>spiritus</strong></span> <span class='ocrx_word' id='word_1_210' title='bbox 831 2095 857 2146; x_wconf 90' lang='lat' dir='ltr'><strong>in</strong></span> <span class='ocrx_word' id='word_1_211' title='bbox 877 2112 904 2146; x_wconf 87' lang='lat' dir='ltr'><strong>re</strong></span> <span class='ocrx_word' id='word_1_212' title='bbox 917 2095 1024 2146; x_wconf 90' lang='lat' dir='ltr'><strong>militari</strong></span> 
     </span>
     <span class='ocr_line' id='line_1_28' title="bbox 96 2163 1025 2232; baseline 0 -17"><span class='ocrx_word' id='word_1_213' title='bbox 96 2164 258 2215; x_wconf 69' lang='lat' dir='ltr'><strong>sumerent.⁸</strong></span> <span class='ocrx_word' id='word_1_214' title='bbox 293 2163 332 2214; x_wconf 90' lang='lat' dir='ltr'><strong>De</strong></span> <span class='ocrx_word' id='word_1_215' title='bbox 352 2179 463 2215; x_wconf 90' lang='lat' dir='ltr'><strong>numero</strong></span> <span class='ocrx_word' id='word_1_216' title='bbox 483 2179 575 2215; x_wconf 92' lang='lat' dir='ltr'><strong>eorum</strong></span> <span class='ocrx_word' id='word_1_217' title='bbox 596 2164 687 2215; x_wconf 90' lang='lat' dir='ltr'><strong>omnia</strong></span> <span class='ocrx_word' id='word_1_218' title='bbox 711 2179 740 2214; x_wconf 88' lang='lat' dir='ltr'><strong>se</strong></span> <span class='ocrx_word' id='word_1_219' title='bbox 764 2163 864 2215; x_wconf 87' lang='lat' dir='ltr'><strong>habere</strong></span> <span class='ocrx_word' id='word_1_220' title='bbox 889 2164 1025 2232; x_wconf 83' lang='lat' dir='ltr'><strong>explorata</strong></span> 
     </span>
     <span class='ocr_line' id='line_1_29' title="bbox 95 2230 1024 2300; baseline 0 -16"><span class='ocrx_word' id='word_1_221' title='bbox 95 2231 180 2285; x_wconf 87' lang='lat' dir='ltr'><strong>Remi</strong></span> <span class='ocrx_word' id='word_1_222' title='bbox 207 2230 339 2299; x_wconf 86' lang='lat' dir='ltr'><strong>dicebant,</strong></span> <span class='ocrx_word' id='word_1_223' title='bbox 365 2240 503 2300; x_wconf 89' lang='lat' dir='ltr'><strong>propterea</strong></span> <span class='ocrx_word' id='word_1_224' title='bbox 527 2230 598 2299; x_wconf 91' lang='lat' dir='ltr'><strong>quod</strong></span> <span class='ocrx_word' id='word_1_225' title='bbox 623 2231 866 2300; x_wconf 88' lang='lat' dir='ltr'><strong>propinquitatibus</strong></span> <span class='ocrx_word' id='word_1_226' title='bbox 890 2233 1024 2284; x_wconf 86' lang='lat' dir='ltr'><strong>affinitati·</strong></span> 
     </span>
     <span class='ocr_line' id='line_1_30' title="bbox 95 2300 1025 2370; baseline -0.001 -16"><span class='ocrx_word' id='word_1_227' title='bbox 95 2302 217 2368; x_wconf 86' lang='lat' dir='ltr'><strong>busque⁴</strong></span> <span class='ocrx_word' id='word_1_228' title='bbox 228 2300 361 2370; x_wconf 89' lang='lat' dir='ltr'><strong>conjuncti</strong></span> <span class='ocrx_word' id='word_1_229' title='bbox 375 2312 503 2368; x_wconf 87' lang='lat' dir='ltr'><strong>quantam</strong></span> <span class='ocrx_word' id='word_1_230' title='bbox 515 2302 629 2368; x_wconf 89' lang='lat' dir='ltr'><strong>quisque</strong></span> <span class='ocrx_word' id='word_1_231' title='bbox 641 2300 841 2353; x_wconf 87' lang='lat' dir='ltr'><strong>multitudinem</strong></span> <span class='ocrx_word' id='word_1_232' title='bbox 852 2302 877 2353; x_wconf 92' lang='lat' dir='ltr'><strong>in</strong></span> <span class='ocrx_word' id='word_1_233' title='bbox 887 2302 1025 2354; x_wconf 89' lang='lat' dir='ltr'><strong>communi</strong></span> 
     </span>
     <span class='ocr_line' id='line_1_31' title="bbox 93 2369 1023 2440; baseline 0.002 -20"><span class='ocrx_word' id='word_1_234' title='bbox 93 2369 244 2436; x_wconf 87' lang='lat' dir='ltr'><strong>Belgarum</strong></span> <span class='ocrx_word' id='word_1_235' title='bbox 265 2369 377 2421; x_wconf 88' lang='lat' dir='ltr'><strong>concilio</strong></span> <span class='ocrx_word' id='word_1_236' title='bbox 398 2369 432 2420; x_wconf 89' lang='lat' dir='ltr'><strong>ad</strong></span> <span class='ocrx_word' id='word_1_237' title='bbox 455 2370 479 2421; x_wconf 91' lang='lat' dir='ltr'><strong>id</strong></span> <span class='ocrx_word' id='word_1_238' title='bbox 502 2369 602 2421; x_wconf 91' lang='lat' dir='ltr'><strong>bellum</strong></span> <span class='ocrx_word' id='word_1_239' title='bbox 625 2369 758 2437; x_wconf 89' lang='lat' dir='ltr'><strong>pollicitus</strong></span> <span class='ocrx_word' id='word_1_240' title='bbox 782 2370 821 2440; x_wconf 88' lang='lat' dir='ltr'><strong>sit,</strong></span> <span class='ocrx_word' id='word_1_241' title='bbox 844 2371 1023 2438; x_wconf 85' lang='lat' dir='ltr'><strong>cognoverint.</strong></span> 
     </span>
     <span class='ocr_line' id='line_1_32' title="bbox 92 2438 1025 2494; baseline -0.001 -1"><span class='ocrx_word' id='word_1_242' title='bbox 92 2438 248 2494; x_wconf 88' lang='lat' dir='ltr'><strong>Plurimum</strong></span> <span class='ocrx_word' id='word_1_243' title='bbox 271 2438 339 2490; x_wconf 89' lang='lat' dir='ltr'><strong>inter</strong></span> <span class='ocrx_word' id='word_1_244' title='bbox 359 2454 405 2490; x_wconf 91' lang='lat' dir='ltr'><strong>eos</strong></span> <span class='ocrx_word' id='word_1_245' title='bbox 426 2438 591 2491; x_wconf 79' lang='lat' dir='ltr'><strong>Bellovacos³</strong></span> <span class='ocrx_word' id='word_1_246' title='bbox 610 2446 637 2489; x_wconf 90' lang='lat' dir='ltr'><strong>et</strong></span> <span class='ocrx_word' id='word_1_247' title='bbox 657 2439 754 2491; x_wconf 88' lang='lat' dir='ltr'><strong>virtute</strong></span> <span class='ocrx_word' id='word_1_248' title='bbox 774 2447 801 2490; x_wconf 89' lang='lat' dir='ltr'><strong>et</strong></span> <span class='ocrx_word' id='word_1_249' title='bbox 820 2441 975 2492; x_wconf 88' lang='lat' dir='ltr'><strong>auctoritate</strong></span> <span class='ocrx_word' id='word_1_250' title='bbox 997 2448 1025 2492; x_wconf 91' lang='lat' dir='ltr'><strong>et</strong></span> 
     </span>
    </p>
   </div>
   <div class='ocr_carea' id='block_1_3' title="bbox 90 2589 1024 2767">
    <p class='ocr_par' dir='ltr' id='par_1_5' title="bbox 90 2589 1024 2767">
     <span class='ocr_line' id='line_1_33' title="bbox 126 2589 1024 2650; baseline 0.002 -12"><span class='ocrx_word' id='word_1_251' title='bbox 126 2594 136 2621; x_wconf 92' lang='lat'>¹</span> <span class='ocrx_word' id='word_1_252' title='bbox 147 2590 204 2638; x_wconf 90' lang='lat' dir='ltr'><strong>The</strong></span> <span class='ocrx_word' id='word_1_253' title='bbox 221 2590 293 2639; x_wconf 85' lang='lat' dir='ltr'><strong>Remi</strong></span> <span class='ocrx_word' id='word_1_254' title='bbox 310 2589 433 2639; x_wconf 86' lang='lat' dir='ltr'><strong>inhahited</strong></span> <span class='ocrx_word' id='word_1_255' title='bbox 445 2591 486 2638; x_wconf 92' lang='lat' dir='ltr'><strong>the</strong></span> <span class='ocrx_word' id='word_1_256' title='bbox 498 2601 601 2650; x_wconf 87' lang='lat' dir='ltr'><strong>country</strong></span> <span class='ocrx_word' id='word_1_257' title='bbox 611 2593 725 2640; x_wconf 85' lang='lat' dir='ltr'><strong>between</strong></span> <span class='ocrx_word' id='word_1_258' title='bbox 740 2592 782 2643; x_wconf 91' lang='lat' dir='ltr'><strong>the</strong></span> <span class='ocrx_word' id='word_1_259' title='bbox 800 2592 863 2640; x_wconf 88' lang='lat' dir='ltr'><strong>river</strong></span> <span class='ocrx_word' id='word_1_260' title='bbox 874 2592 960 2640; x_wconf 85' lang='lat' dir='ltr'><strong>Marne</strong></span> <span class='ocrx_word' id='word_1_261' title='bbox 977 2592 1024 2640; x_wconf 85' lang='lat' dir='ltr'><strong>and</strong></span> 
     </span>
     <span class='ocr_line' id='line_1_34' title="bbox 91 2649 1024 2709; baseline 0 -10"><span class='ocrx_word' id='word_1_262' title='bbox 91 2652 141 2700; x_wconf 86' lang='lat' dir='ltr'><strong>the</strong></span> <span class='ocrx_word' id='word_1_263' title='bbox 153 2650 252 2698; x_wconf 85' lang='lat' dir='ltr'><strong>frontier</strong></span> <span class='ocrx_word' id='word_1_264' title='bbox 262 2650 290 2697; x_wconf 86' lang='lat' dir='ltr'><strong>ot&#39;</strong></span> <span class='ocrx_word' id='word_1_265' title='bbox 303 2649 345 2696; x_wconf 92' lang='lat' dir='ltr'><strong>the</strong></span> <span class='ocrx_word' id='word_1_266' title='bbox 363 2649 469 2709; x_wconf 87' lang='lat' dir='ltr'><strong>Belgae;</strong></span> <span class='ocrx_word' id='word_1_267' title='bbox 487 2650 529 2697; x_wconf 89' lang='lat' dir='ltr'><strong>the</strong></span> <span class='ocrx_word' id='word_1_268' title='bbox 547 2650 647 2698; x_wconf 89' lang='lat' dir='ltr'><strong>modern</strong></span> <span class='ocrx_word' id='word_1_269' title='bbox 663 2661 730 2699; x_wconf 89' lang='lat' dir='ltr'><strong>town</strong></span> <span class='ocrx_word' id='word_1_270' title='bbox 741 2652 769 2699; x_wconf 87' lang='lat' dir='ltr'><strong>of</strong></span> <span class='ocrx_word' id='word_1_271' title='bbox 784 2652 888 2700; x_wconf 88' lang='lat' dir='ltr'><strong>Rheims</strong></span> <span class='ocrx_word' id='word_1_272' title='bbox 903 2667 984 2699; x_wconf 88' lang='lat' dir='ltr'><strong>seems</strong></span> <span class='ocrx_word' id='word_1_273' title='bbox 999 2661 1024 2699; x_wconf 85' lang='lat' dir='ltr'><strong>to</strong></span> 
     </span>
     <span class='ocr_line' id='line_1_35' title="bbox 90 2708 570 2767; baseline -0.008 -8"><span class='ocrx_word' id='word_1_274' title='bbox 90 2710 162 2760; x_wconf 82' lang='lat' dir='ltr'><strong>have</strong></span> <span class='ocrx_word' id='word_1_275' title='bbox 174 2710 236 2756; x_wconf 90' lang='lat' dir='ltr'><strong>been</strong></span> <span class='ocrx_word' id='word_1_276' title='bbox 247 2709 289 2756; x_wconf 89' lang='lat' dir='ltr'><strong>the</strong></span> <span class='ocrx_word' id='word_1_277' title='bbox 301 2708 390 2767; x_wconf 82' lang='lat' dir='ltr'><strong>capital</strong></span> <span class='ocrx_word' id='word_1_278' title='bbox 401 2708 428 2756; x_wconf 88' lang='lat' dir='ltr'><strong>of</strong></span> <span class='ocrx_word' id='word_1_279' title='bbox 435 2709 476 2756; x_wconf 89' lang='lat' dir='ltr'><strong>the</strong></span> <span class='ocrx_word' id='word_1_280' title='bbox 489 2709 570 2757; x_wconf 91' lang='lat' dir='ltr'><strong>Remi.</strong></span> 
     </span>
    </p>
   </div>
   <div class='ocr_carea' id='block_1_4' title="bbox 91 2781 1022 2957">
    <p class='ocr_par' dir='ltr' id='par_1_6' title="bbox 91 2781 1022 2957">
     <span class='ocr_line' id='line_1_36' title="bbox 125 2781 1022 2844; baseline 0 -15"><span class='ocrx_word' id='word_1_281' title='bbox 125 2781 235 2829; x_wconf 76' lang='lat' dir='ltr'><strong>’Before</strong></span> <span class='ocrx_word' id='word_1_282' title='bbox 246 2799 280 2837; x_wconf 78' lang='lat' dir='ltr'><strong>ee,</strong></span> <span class='ocrx_word' id='word_1_283' title='bbox 292 2781 373 2828; x_wconf 85' lang='lat' dir='ltr'><strong>which</strong></span> <span class='ocrx_word' id='word_1_284' title='bbox 384 2781 405 2829; x_wconf 91' lang='lat' dir='ltr'><strong>is</strong></span> <span class='ocrx_word' id='word_1_285' title='bbox 416 2782 457 2828; x_wconf 92' lang='lat' dir='ltr'><strong>the</strong></span> <span class='ocrx_word' id='word_1_286' title='bbox 469 2783 549 2841; x_wconf 88' lang='lat' dir='ltr'><strong>object</strong></span> <span class='ocrx_word' id='word_1_287' title='bbox 559 2781 587 2828; x_wconf 84' lang='lat' dir='ltr'><strong>of</strong></span> <span class='ocrx_word' id='word_1_288' title='bbox 590 2785 734 2844; x_wconf 80' lang='lat' dir='ltr'><strong>permittere,</strong></span> <span class='ocrx_word' id='word_1_289' title='bbox 746 2800 760 2831; x_wconf 93' lang='lat' dir='ltr'><strong>a</strong></span> <span class='ocrx_word' id='word_1_290' title='bbox 769 2783 859 2832; x_wconf 90' lang='lat' dir='ltr'><strong>second</strong></span> <span class='ocrx_word' id='word_1_291' title='bbox 869 2801 895 2831; x_wconf 77' lang='lat' dir='ltr'><strong>ee</strong></span> <span class='ocrx_word' id='word_1_292' title='bbox 905 2783 926 2830; x_wconf 91' lang='lat' dir='ltr'><strong>is</strong></span> <span class='ocrx_word' id='word_1_293' title='bbox 935 2782 1022 2830; x_wconf 84' lang='lat' dir='ltr'><strong>under·</strong></span> 
     </span>
     <span class='ocr_line' id='line_1_37' title="bbox 91 2839 1020 2903; baseline -0.001 -13"><span class='ocrx_word' id='word_1_294' title='bbox 91 2841 180 2895; x_wconf 85' lang='lat' dir='ltr'><strong>stood,</strong></span> <span class='ocrx_word' id='word_1_295' title='bbox 204 2840 283 2887; x_wconf 87' lang='lat' dir='ltr'><strong>which</strong></span> <span class='ocrx_word' id='word_1_296' title='bbox 305 2841 327 2887; x_wconf 87' lang='lat' dir='ltr'><strong>is</strong></span> <span class='ocrx_word' id='word_1_297' title='bbox 348 2839 390 2887; x_wconf 90' lang='lat' dir='ltr'><strong>the</strong></span> <span class='ocrx_word' id='word_1_298' title='bbox 411 2841 506 2901; x_wconf 88' lang='lat' dir='ltr'><strong>subject</strong></span> <span class='ocrx_word' id='word_1_299' title='bbox 527 2842 555 2889; x_wconf 86' lang='lat' dir='ltr'><strong>ol</strong></span> <span class='ocrx_word' id='word_1_300' title='bbox 568 2844 711 2903; x_wconf 80' lang='lat' dir='ltr'><strong>permittere.</strong></span> <span class='ocrx_word' id='word_1_301' title='bbox 745 2843 866 2902; x_wconf 81' lang='lat' dir='ltr'><strong>Compare</strong></span> <span class='ocrx_word' id='word_1_302' title='bbox 887 2842 956 2900; x_wconf 83' lang='lat' dir='ltr'><strong>ehnp.</strong></span> <span class='ocrx_word' id='word_1_303' title='bbox 976 2846 1020 2900; x_wconf 77' lang='lat'><strong>31;</strong></span> 
     </span>
     <span class='ocr_line' id='line_1_38' title="bbox 91 2898 453 2957; baseline -0.011 -7"><span class='ocrx_word' id='word_1_304' title='bbox 91 2901 200 2957; x_wconf 84' lang='lat' dir='ltr'><strong>Zumpt,</strong></span> <span class='ocrx_word' id='word_1_305' title='bbox 214 2898 268 2946; x_wconf 83' lang='lat' dir='ltr'><strong>Lot.</strong></span> <span class='ocrx_word' id='word_1_306' title='bbox 283 2899 363 2946; x_wconf 87' lang='lat' dir='ltr'><strong>Grom.</strong></span> <span class='ocrx_word' id='word_1_307' title='bbox 376 2898 389 2949; x_wconf 70' lang='lat' dir='ltr'><strong>b</strong></span> <span class='ocrx_word' id='word_1_308' title='bbox 401 2902 453 2947; x_wconf 85' lang='lat'>605.</span> 
     </span>
    </p>
   </div>
   <div class='ocr_carea' id='block_1_5' title="bbox 127 2971 1021 3034">
    <p class='ocr_par' dir='ltr' id='par_1_7' title="bbox 127 2971 1021 3034">
     <span class='ocr_line' id='line_1_39' title="bbox 127 2971 1021 3034; baseline 0.004 -16"><span class='ocrx_word' id='word_1_309' title='bbox 127 2971 253 3032; x_wconf 80' lang='lat' dir='ltr'><strong>&#39;Magnos</strong></span> <span class='ocrx_word' id='word_1_310' title='bbox 265 2973 367 3033; x_wconf 75' lang='lat' dir='ltr'><strong>spiritus</strong></span> <span class='ocrx_word' id='word_1_311' title='bbox 378 2973 533 3029; x_wconf 66' lang='lat' dir='ltr'><strong>ciliciorum,</strong></span> <span class='ocrx_word' id='word_1_312' title='bbox 548 2976 588 3020; x_wconf 87' lang='lat' dir='ltr'><strong>‘to</strong></span> <span class='ocrx_word' id='word_1_313' title='bbox 599 2974 669 3021; x_wconf 89' lang='lat' dir='ltr'><strong>boast</strong></span> <span class='ocrx_word' id='word_1_314' title='bbox 681 2973 793 3034; x_wconf 62' lang='lat' dir='ltr'><strong>greatly!</strong></span> <span class='ocrx_word' id='word_1_315' title='bbox 828 2972 948 3031; x_wconf 85' lang='lat' dir='ltr'><strong>Compare</strong></span> <span class='ocrx_word' id='word_1_316' title='bbox 959 2973 974 3020; x_wconf 93' lang='lat' dir='ltr'><strong>i.</strong></span> <span class='ocrx_word' id='word_1_317' title='bbox 985 2976 1021 3022; x_wconf 85' lang='grc'><strong>33.</strong></span> 
     </span>
    </p>
   </div>
   <div class='ocr_carea' id='block_1_6' title="bbox 91 3043 1022 3169">
    <p class='ocr_par' dir='ltr' id='par_1_8' title="bbox 91 3043 1022 3169">
     <span class='ocr_line' id='line_1_40' title="bbox 126 3043 1022 3106; baseline 0.002 -16"><span class='ocrx_word' id='word_1_318' title='bbox 126 3043 321 3106; x_wconf 74' lang='lat' dir='ltr'><strong>‘Propinquitae</strong></span> <span class='ocrx_word' id='word_1_319' title='bbox 333 3045 354 3092; x_wconf 91' lang='lat' dir='ltr'><strong>is</strong></span> <span class='ocrx_word' id='word_1_320' title='bbox 366 3043 523 3104; x_wconf 88' lang='lat' dir='ltr'><strong>relationship</strong></span> <span class='ocrx_word' id='word_1_321' title='bbox 542 3048 575 3106; x_wconf 83' lang='lat' dir='ltr'><strong>by</strong></span> <span class='ocrx_word' id='word_1_322' title='bbox 587 3046 668 3099; x_wconf 90' lang='lat' dir='ltr'><strong>blood,</strong></span> <span class='ocrx_word' id='word_1_323' title='bbox 682 3046 729 3093; x_wconf 84' lang='lat' dir='ltr'><strong>and</strong></span> <span class='ocrx_word' id='word_1_324' title='bbox 744 3047 849 3106; x_wconf 77' lang='lat' dir='ltr'><strong>affinitas</strong></span> <span class='ocrx_word' id='word_1_325' title='bbox 865 3045 1022 3106; x_wconf 90' lang='lat' dir='ltr'><strong>relationship</strong></span> 
     </span>
     <span class='ocr_line' id='line_1_41' title="bbox 91 3103 771 3169; baseline -0.003 -15"><span class='ocrx_word' id='word_1_326' title='bbox 91 3103 191 3162; x_wconf 64' lang='lat' dir='ltr'><strong>&amp;rising</strong></span> <span class='ocrx_word' id='word_1_327' title='bbox 201 3103 263 3152; x_wconf 79' lang='lat' dir='ltr'><strong>from</strong></span> <span class='ocrx_word' id='word_1_328' title='bbox 274 3104 477 3164; x_wconf 88' lang='lat' dir='ltr'><strong>intermarriages.</strong></span> <span class='ocrx_word' id='word_1_329' title='bbox 510 3105 562 3152; x_wconf 89' lang='lat' dir='ltr'><strong>Cic.</strong></span> <span class='ocrx_word' id='word_1_330' title='bbox 571 3123 624 3169; x_wconf 84' lang='lat' dir='ltr'><strong>pro.</strong></span> <span class='ocrx_word' id='word_1_331' title='bbox 636 3105 722 3152; x_wconf 83' lang='lat' dir='ltr'><strong>Plane.</strong></span> <span class='ocrx_word' id='word_1_332' title='bbox 736 3109 771 3152; x_wconf 93' lang='lat'><strong>11.</strong></span> 
     </span>
    </p>
   </div>
   <div class='ocr_carea' id='block_1_7' title="bbox 91 3176 1022 3344">
    <p class='ocr_par' dir='ltr' id='par_1_9' title="bbox 91 3176 1022 3344">
     <span class='ocr_line' id='line_1_42' title="bbox 127 3176 1022 3280; baseline 0.001 -57"><span class='ocrx_word' id='word_1_333' title='bbox 127 3176 226 3224; x_wconf 72' lang='lat' dir='ltr'><strong>‘Their</strong></span> <span class='ocrx_word' id='word_1_334' title='bbox 241 3192 268 3224; x_wconf 86' lang='lat' dir='ltr'><strong>cu</strong></span> <span class='ocrx_word' id='word_1_335' title='bbox 287 3177 338 3234; x_wconf 85' lang='lat' dir='ltr'><strong>ital,</strong></span> <span class='ocrx_word' id='word_1_336' title='bbox 358 3177 447 3224; x_wconf 84' lang='lat' dir='ltr'><strong>Brutus</strong></span> <span class='ocrx_word' id='word_1_337' title='bbox 466 3178 567 3233; x_wconf 89' lang='lat' dir='ltr'><strong>antium,</strong></span> <span class='ocrx_word' id='word_1_338' title='bbox 587 3177 728 3225; x_wconf 82' lang='lat' dir='ltr'><strong>afterwards</strong></span> <span class='ocrx_word' id='word_1_339' title='bbox 749 3177 951 3280; x_wconf 64' lang='lat' dir='ltr'><strong>Caesaromapus</strong></span> <span class='ocrx_word' id='word_1_340' title='bbox 969 3190 1022 3226; x_wconf 81' lang='lat' dir='ltr'><strong>was</strong></span> 
     </span>
     <span class='ocr_line' id='line_1_43' title="bbox 91 3232 1008 3344; baseline 0 -62"><span class='ocrx_word' id='word_1_341' title='bbox 91 3234 209 3344; x_wconf 63' lang='lat' dir='ltr'><strong>pearctihe</strong></span> <span class='ocrx_word' id='word_1_342' title='bbox 219 3251 258 3284; x_wconf 92' lang='lat' dir='ltr'><strong>mo</strong></span> <span class='ocrx_word' id='word_1_343' title='bbox 276 3250 319 3284; x_wconf 91' lang='lat' dir='ltr'><strong>em</strong></span> <span class='ocrx_word' id='word_1_344' title='bbox 330 3246 397 3284; x_wconf 88' lang='lat' dir='ltr'><strong>town</strong></span> <span class='ocrx_word' id='word_1_345' title='bbox 403 3236 430 3283; x_wconf 83' lang='lat' dir='ltr'><strong>of</strong></span> <span class='ocrx_word' id='word_1_346' title='bbox 460 3236 566 3292; x_wconf 88' lang='lat' dir='ltr'><strong>eauvais,</strong></span> <span class='ocrx_word' id='word_1_347' title='bbox 578 3236 658 3284; x_wconf 90' lang='lat' dir='ltr'><strong>which</strong></span> <span class='ocrx_word' id='word_1_348' title='bbox 665 3235 760 3284; x_wconf 89' lang='lat' dir='ltr'><strong>derives</strong></span> <span class='ocrx_word' id='word_1_349' title='bbox 772 3235 803 3283; x_wconf 90' lang='lat' dir='ltr'><strong>its</strong></span> <span class='ocrx_word' id='word_1_350' title='bbox 814 3249 884 3282; x_wconf 85' lang='lat' dir='ltr'><strong>namo</strong></span> <span class='ocrx_word' id='word_1_351' title='bbox 903 3249 954 3280; x_wconf 86' lang='lat' dir='ltr'><strong>rom</strong></span> <span class='ocrx_word' id='word_1_352' title='bbox 964 3232 1008 3282; x_wconf 90' lang='lat' dir='ltr'><strong>Bel</strong></span> 
     </span>
     <span class='ocr_line' id='line_1_44' title="bbox 103 3309 187 3344; baseline -0.048 0"><span class='ocrx_word' id='word_1_353' title='bbox 103 3309 155 3344; x_wconf 84' lang='lat' dir='ltr'><strong>ova</strong></span> <span class='ocrx_word' id='word_1_354' title='bbox 181 3328 187 3340; x_wconf 90' lang='lat'>.</span> 
     </span>
    </p>
   </div>
   <div class='ocr_carea' id='block_1_8' title="bbox 0 0 1130 3736">
    <p class='ocr_par' dir='ltr' id='par_1_10' title="bbox 0 0 1130 3736">
     <span class='ocr_line' id='line_1_45' title="bbox 0 0 1130 3736; baseline 0 2"><span class='ocrx_word' id='word_1_355' title='bbox 0 0 1130 3736; x_wconf 95' lang='lat' dir='ltr'><strong> </strong></span> 
     </span>
    </p>
   </div>
  </div>
 </body>
</html>
