2250 3736
133 238 193 296 208
479 259 521 296 nu
541 259 637 297 annno
659 259 792 300 eunuco.

135 369 236 421 crebris
247 369 282 421 ad
294 366 452 421 Rhodanum
465 366 601 435 dispositis
612 367 759 435 praesidiis,
769 385 869 435 magna
878 386 942 421 cum
951 387 1017 422 cura
1029 374 1057 422 et

136 436 273 504 diligentia
291 455 353 489 suos
369 445 487 502 tuentur.¹
520 437 625 503 Caesar,
638 437 709 504 quod
728 437 958 506 hostes'equitatn
977 456 1054 507 supe·

136 507 216 558 riores
228 525 288 558 esse
302 505 475 572 intelligebat,
487 514 513 556 et
526 506 678 557 interclusis
690 505 813 559 omnibus
822 506 972 575 itineribus,
982 507 1057 560 nulla

136 591 163 627 re
177 593 209 626 ex
223 576 357 644 provincia
376 585 456 642 atque
476 574 551 626 ltalia
570 575 703 652 sublevari
721 584 830 643 poterat,
845 588 917 627 trans
928 577 1057 629 Rhenum

135 644 161 695 in
174 646 345 697 Germaniam
359 645 439 697 mittit
452 644 486 694 ad
499 660 546 694 eas
558 645 688 711 civitates,
703 661 769 712 quas
782 645 965 713 superioribus
977 647 1058 698 annis

135 725 284 783 pacaverat,
298 714 456 782 equitesque
475 713 509 764 ab
528 713 569 764 his
587 713 739 776 arcessitet
757 715 824 765 levis
842 725 996 767 armaturae
1009 732 1057 783 pe·

135 781 211 850 dites,
225 785 271 851 qui
286 785 411 835 intereos
427 782 549 849 proeliari
568 791 768 834 consueverant.
806 783 907 835 Eorum
924 783 1069 853 adventu,'

135 851 204 919 quod
225 854 314 906 minus
332 851 434 905 idoneis
451 851 527 918 equis
545 851 694 919 utebantur,
708 870 725 903 a
738 851 849 903 tribunis
861 853 981 904 militum
995 853 1056 905 reli·

135 921 256 990 quisque,
278 923 326 973 sed
351 924 386 972 et¹
410 919 545 988 equitibus
567 921 695 972 Romanis
717 930 798 990 atque
822 922 949 992 evocatis,
970 938 1056 990 equos

135 992 217 1041 sumit
230 991 425 1058 Germanisque
438 988 581 1041 distribuit.

169 1065 211 1111 66.
231 1061 343 1128 interea,
366 1059 431 1110 dum
451 1057 519 1109 haec
543 1065 677 1126 geruntur,
700 1057 817 1110 hostium
838 1059 932 1127 copiae
950 1076 987 1111 ex
1004 1061 1055 1112 Ar·

136 1129 223 1180 vernis
235 1130 400 1197 equitesque,
415 1127 461 1194 qui
474 1128 520 1178 toti
533 1127 637 1179 Galliae
650 1137 725 1178 erant
738 1127 870 1194 imperati,
880 1129 1054 1182 conveniunt.

134 1195 234 1264 Magno
254 1198 346 1249 horum
365 1206 457 1249 coacto
476 1213 594 1263 numero,
608 1212 693 1264 quum
705 1197 803 1248 Caesar
816 1197 842 1248 in
855 1197 995 1265 Sequanos
1007 1214 1056 1265 per

134 1276 268 1319 extremos
281 1268 428 1334 Lingonum
440 1266 509 1317 fines
522 1266 571 1316 iter
583 1265 691 1334 faceret,
705 1282 758 1333 quo
776 1263 882 1318 facilius
900 1266 1055 1319 subsidium

133 1337 285 1402 provinciae
298 1335 360 1387 ferri
374 1345 470 1403 posset,
484 1335 588 1386 circiter
606 1334 679 1387 milia
697 1351 825 1402 passuum
837 1353 863 1388 x.
876 1335 1055 1388 abRomanis

133 1404 209 1456 trinis
226 1406 319 1456 cestris
334 1405 536 1470 Vercingetorix
553 1403 689 1455 consedit:
710 1405 916 1472 convocatisque
936 1404 971 1456 ad
992 1420 1056 1456 oon-

133 1472 227 1525 cilium
245 1473 387 1541 praesectis
407 1473 536 1540 equitum,
551 1474 658 1524 venisse
678 1481 786 1540 tempus
799 1474 924 1524 victoriae
942 1473 1056 1525 demon-

133 1550 213 1594 strat:
234 1544 327 1609 fugere
340 1543 365 1594 in
378 1543 544 1610 provinciam
555 1543 689 1594 Romanos
701 1541 841 1609 Galliaque
855 1541 1004 1594 excedere:
1025 1542 1054 1594 id

132 1611 183 1663 sibi
195 1612 229 1662 ad
243 1622 414 1680 praesentem
426 1611 599 1664 obtinendam
618 1610 771 1662 libertatem
790 1611 854 1662 satis
870 1628 930 1676 esse
938 1627 946 1679 3
965 1611 999 1663 ad
1013 1628 1055 1662 re·

132 1679 208 1747 liqui²
220 1682 347 1748 temporis
360 1699 456 1749 pacem
474 1691 554 1748 atque
568 1681 649 1731 otium
663 1697 756 1748 parum
770 1681 860 1747 profici
870 1681 887 1732 :¹
906 1679 1055 1748 majoribus

131 1750 205 1800 enim
225 1753 325 1802 coactis
344 1751 429 1818 copiis
449 1766 606 1816 reversuros,
627 1765 716 1817 neque
737 1749 821 1801 finem
840 1749 905 1802 belli
926 1749 1053 1801 facturos.

132 1818 246 1870 Proinde
268 1819 293 1870 in
315 1821 422 1885 agmine
445 1819 587 1886 impeditos
610 1818 781 1869 adoriantur.⁴
816 1817 841 1869 Si
863 1817 970 1886 pedites
995 1819 1054 1871 suis

130 1888 260 1939 auxilium
273 1887 358 1940 ferant
371 1897 452 1956 atque
466 1889 490 1939 in
506 1905 537 1938 eo
549 1896 692 1954 morentur,
707 1887 757 1938 iter
772 1887 867 1939 confici
886 1904 938 1938 non
957 1904 1036 1956 posse
1044 1903 1053 1954 3

131 1957 161 2023 si,
181 1956 207 2006 id
229 1957 298 2024 quod
321 1958 409 2024 magis
433 1956 553 2009 futurum
578 1956 702 2023 confidat,
722 1956 822 2007 relictis
840 1956 1052 2025 impedimentis,

130 2042 195 2076 suae
213 2025 292 2077 saluti
305 2026 450 2093 consulant,
462 2035 488 2078 et
501 2043 549 2078 usu
562 2042 647 2077 rerum
657 2025 869 2077 necessariarum
882 2033 908 2076 et
922 2025 1053 2092 dignitate

129 2093 272 2162 spoliatum
285 2095 325 2147 iri.
362 2096 432 2148 Nam
446 2095 480 2146 de
493 2094 629 2162 equitibus
642 2093 778 2161 hostium,⁶
790 2094 852 2160 quin
866 2110 947 2145 nemo
960 2111 1053 2147 eorum

87 2165 89 2169 ’
129 2163 250 2230 progredi
269 2164 348 2215 modo
367 2173 443 2216 extra
460 2181 558 2231 agmen
577 2163 685 2228 audeat,
699 2181 732 2214 ne
745 2163 816 2230 ipsos
828 2163 938 2231 quidem
951 2162 1053 2214 debere

129 2231 260 2284 dubitare.
298 2234 328 2285 Id
341 2250 393 2302 quo
406 2233 506 2302 majore
519 2232 619 2284 saciant
639 2232 737 2300 enimc,
751 2234 843 2300 copias
855 2238 884 2282 s'e
897 2248 993 2284 omnes
1005 2248 1052 2299 pro

128 2341 1049 2367 ————-—-—-——————·———q———-

157 2405 165 2432 ¹
177 2402 254 2450 Sedet
266 2419 292 2450 or
302 2407 344 2451 sed
354 2407 423 2461 etiam
438 2403 562 2464 generally
572 2402 653 2450 follow
665 2402 726 2450 after
736 2403 777 2450 the
793 2417 823 2449 ne
842 2402 905 2449 ativc
917 2420 966 2450 nort
977 2406 1052 2452 solum

128 2475 155 2508 or
164 2479 212 2508 non
224 2470 328 2519 tanturm
348 2463 371 2510 in
382 2464 430 2510 this
442 2478 553 2522 passage,
566 2462 607 2509 the
619 2462 740 2522 negative,
751 2418 843 2566 though
855 2472 895 2508 not
908 2463 1049 2520 expressed,

128 2519 148 2567 is
159 2520 256 2578 inrplicd
269 2521 294 2567 in
302 2522 343 2568 the
354 2522 483 2581 preceding
494 2522 584 2576 clause,
598 2526 653 2568 ‘not
666 2521 723 2580 only
731 2520 810 2567 fromt
829 2536 842 2566 e
853 2520 963 2568 tribunes
975 2521 1002 2568 of
1010 2522 1052 2569 tha

128 2578 237 2634 soldiers,
251 2582 294 2627 but
306 2581 357 2627 olso
368 2581 429 2627 from
440 2581 482 2627 the
495 2580 591 2627 Roman
602 2580 712 2638 equites;
726 2579 767 2627 the
777 2579 873 2626 Roman
884 2579 980 2637 equites
992 2580 1050 2628 bere

128 2653 167 2684 ure
186 2647 227 2685 not
246 2654 358 2686 common
377 2640 513 2693 horsemcn‚
527 2641 570 2685 bnt
587 2654 688 2697 persons
699 2638 727 2685 of
739 2637 877 2696 equestrien
893 2637 962 2684 rank.
995 2639 1051 2687 The

128 2699 215 2744 evocati
230 2713 269 2744 are
286 2713 342 2744 men
353 2699 408 2745 who
420 2699 465 2745 hod
477 2697 574 2756 already
586 2697 673 2744 served
684 2697 747 2744 their
758 2697 825 2752 time,
838 2697 890 2751 but,
903 2705 929 2742 to
940 2696 1049 2758 obliger

128 2756 233 2816 general,
247 2757 293 2804 and
305 2757 386 2804 derive
398 2757 490 2804 further
502 2755 600 2812 benefit,
613 2756 684 2816 again
695 2755 804 2816 engaged
815 2771 842 2802 as
853 2754 965 2803 soldisrs.

155 2828 283 2889 ’Reliqni;
302 2829 353 2877 that
365 2830 394 2885 is,
402 2830 496 2890 futuri.

154 2901 265 2949 ⁸Porum
279 2904 370 2963 profici,
386 2902 463 2950 ‘little
475 2918 526 2949 was
537 2900 641 2961 gained!

155 2974 325 3020 ⁴Adorr'cntnr
335 2973 442 3032 depende
458 2989 523 3032 upon
539 2988 607 3020 some
618 2973 677 3020 verb
693 2971 809 3033 denoting
823 2976 861 3018 ‘to
872 2971 1010 3021 admonish‘
1023 2986 1049 3021 ot

128 3031 245 3088 ‘advise,'
259 3032 338 3090 which
350 3033 370 3080 is
382 3033 480 3091 implied
492 3033 516 3079 in
526 3032 567 3078 the
578 3031 709 3091 preceding
719 3034 871 3078 donomtrot.

154 3105 209 3153 ‘De
224 3108 340 3173 equitibus
356 3108 456 3155 hostiurn
472 3117 538 3154 must
550 3107 579 3154 be
592 3105 724 3153 connected
735 3104 794 3151 with
805 3104 847 3152 the
859 3106 918 3153 verb
929 3106 1046 3162 dubitare,

127 3163 228 3224 though,
242 3164 336 3211 instead
351 3164 379 3212 os
390 3168 419 3212 de
435 3167 560 3224 equitibus,
580 3164 671 3211 Caesar
687 3162 766 3270 mdfht
783 3163 835 3210 also
850 3163 913 3210 have
930 3164 991 3211 used
1006 3164 1047 3211 the

143 3224 232 3271 enitivc
249 3226 360 3282 equitum,
373 3223 495 3282 governed
511 3226 544 3285 by
554 3241 628 3280 nemo,
644 3223 689 3272 and
730 3221 846 3270 terwerds
864 3222 927 3270 have
946 3219 1046 3272 omitted

127 3292 135 3330 t
154 3298 168 3331 e
178 3297 288 3343 pronoun
298 3298 384 3330 eorum.
