2250 3736
97 251 133 308 74
406 263 445 300 nu
467 261 568 300 sauro
585 260 721 299 caturco.

97 368 260 442 ducerentur,
272 374 395 442 quamvis
407 370 539 423 fortunam
551 387 566 420 a
580 369 675 437 populo
688 370 805 421 Romano
818 369 881 436 pati,
893 386 976 438 quam
987 368 1021 424 ab

96 437 140 490 his
152 459 198 508 per
210 445 357 495 cruciatum
371 441 489 508 interfici,
503 441 571 491 iuter
584 457 649 507 quos
661 440 789 491 dominari
802 449 987 491 consuessent.

132 515 173 562 32.
192 512 234 563 Ad
249 513 316 564 haec
328 515 425 564 Caesar
445 511 592 578 respondit:
613 527 641 560 se
654 512 742 575 magis
760 510 954 560 consuetudine
967 527 1020 577 sua,

97 595 179 647 quarn
197 583 292 633 merito
311 599 403 634 eorum
418 581 554 632 civitatem
572 589 797 647 conservaturum,
811 579 833 629 si
848 580 927 646 prius,
942 595 1023 647 quam

97 665 204 701 murum
219 652 289 702 aries
306 653 445 719 attigisset,
459 667 488 700 se
501 649 681 717 dedidissent,
700 647 747 700 sed
759 648 904 699 deditionis
923 648 1024 700 nullam

98 735 157 768 esse
177 720 362 790 conditionem,
377 722 427 772 nisi
446 719 527 770 armis
546 719 658 770 traditis.
695 718 727 770 Se
746 718 780 786 id,
794 719 863 786 quod
878 720 902 769 in
916 719 1024 770 Nerviis

98 786 223 856 rt=ctaen,¹
242 791 373 842 lucturum
392 790 565 856 finitimisque
585 789 783 856 imperaturum,
797 804 830 838 ne
850 804 933 855 quam
951 787 1025 838 dedi·

99 859 166 907 tnjl-
188 900 192 924 ,
215 859 275 925 puli
291 861 401 912 Romani
419 858 543 928 injuriam
561 858 695 909 inferrent.
731 857 891 908 Renuntiata
909 857 942 907 ad
963 872 1026 908 suos

99 943 166 991 ettae
197 940 385 997 :sarmentus
403 929 489 979 lacere
508 927 639 979 dixerunt.
678 929 822 978 Armorum
839 943 939 992 magna
957 925 1026 977 mul·

102 997 209 1048 tituins„
230 1002 262 1049 „le
283 1016 358 1050 muro
379 999 403 1050 iu
424 998 531 1062 fossam,
545 1013 613 1065 quae
635 1004 690 1047 erat
708 1006 770 1046 ante
789 994 926 1063 oppidum,
944 994 1025 1074 jacta,

101 1065 139 1117 sic
158 1079 185 1117 ut
207 1086 286 1136 prope
311 1084 446 1119 summam
469 1068 538 1118 muri
557 1066 724 1133 aggerisque²
742 1065 912 1116 altitudinem
936 1082 1028 1117 acervi

100 1152 233 1188 armorum
251 1138 437 1206 adaequarent,
452 1145 479 1188 et
498 1146 587 1186 tamen
606 1137 710 1187 circiter
727 1145 800 1202 parte
821 1134 904 1200 tertia,
918 1143 948 1186 ut
968 1152 1029 1202 pos·

102 1217 144 1255 tea
157 1222 326 1274 perspectum
339 1218 387 1274 est,
401 1207 487 1258 celata
500 1215 580 1274 atque
593 1205 618 1256 in
628 1205 724 1274 oppido
737 1212 848 1273 retenta,
858 1205 941 1272 portis
953 1213 1029 1272 pate·

101 1275 185 1343 lactiS,
200 1293 231 1326 eo
244 1276 287 1327 die
301 1294 366 1344 pace
380 1287 438 1327 sunt
451 1275 501 1327 usi.

135 1349 175 1395 33.
196 1345 248 1397 Sub
261 1363 403 1413 vesperum
412 1347 509 1399 Caesar
518 1353 606 1411 portas
618 1342 704 1394 claudi
717 1343 869 1410 militesque
883 1360 917 1394 ex
930 1343 1029 1411 oppido

101 1415 172 1464 exire
192 1413 276 1484 jussit,
299 1433 331 1465 ne
353 1432 435 1483 quam
454 1424 534 1466 noctu
553 1413 677 1480 oppidani
696 1413 731 1466 ab
750 1411 879 1464 militibus
904 1411 1030 1481 injuriam

100 1483 260 1550 acciperent.
297 1484 338 1536 Illi
356 1495 418 1536 ante
438 1485 509 1551 inito,
522 1490 552 1533 ut
571 1482 738 1534 intellectum
757 1491 805 1549 est,
824 1481 943 1549 consilio,
958 1482 1029 1550 quod

100 1550 236 1604 deditione
254 1553 325 1605 facta
344 1563 446 1605 nostros
463 1552 596 1622 praesidia
615 1551 774 1602 deducturos
792 1560 836 1602 aut
850 1550 979 1619 denique³
992 1552 1030 1603 in·

100 1621 255 1687 diligentius
273 1632 422 1675 servaturos
438 1621 614 1688 crediderant,
632 1622 729 1688 partim
746 1637 810 1671 cum
829 1620 878 1688 his,
899 1637 970 1687 quae
990 1637 1029 1671 re-

102 1691 232 1743 tinuerant
251 1702 278 1743 et
297 1693 456 1761 celaverant,
470 1692 558 1759 armis,
571 1692 668 1759 partim
687 1689 769 1741 scutis
786 1707 821 1741 ex
838 1690 936 1741 cortice
949 1690 1030 1741 lactis

100 1769 145 1811 aut
170 1761 316 1814 viminibus
340 1763 453 1829 intextis,
479 1778 547 1828 quae
572 1759 665 1827 subito,
691 1767 720 1810 ut
744 1759 871 1826 temporis
895 1760 1030 1826 exiguitas

101 1829 259 1897 postulabat,
284 1831 399 1898 pellibus
426 1831 592 1897 induxerant,
618 1829 693 1880 tertia
718 1828 808 1894 vigilia
835 1844 887 1896 qua
915 1830 1029 1880 minime

101 1898 198 1949 arduus
221 1901 254 1951 nd
276 1912 378 1951 nostras
401 1900 562 1952 munitiones
585 1914 713 1949 ascensus
733 1897 880 1964 videbatur,
903 1897 1030 1949 omnibus

102 1969 183 2033 copis
205 1971 339 2034 repentino
359 1987 393 2021 ex
413 1968 508 2037 oppido
527 1968 693 2036 eruptionem
713 1966 843 2018 fecerunt.
881 1967 1032 2035 Celeriter,‘

101 2047 130 2086 ut
153 2047 215 2087 ante
240 2039 336 2090 Caesar
363 2039 513 2107 imperarat,
538 2037 644 2104 ignibus
668 2036 861 2103 significatione
889 2036 970 2104 sacta,
997 2053 1032 2089 ex

102 2107 229 2225 proximis
247 2108 364 2159 castellis
382 2126 413 2158 eo
432 2123 591 2158 concursum
609 2114 657 2173 est,
676 2115 876 2174 pugnatumque
895 2105 931 2158 ab
949 2105 1032 2158 hosti·

121 2190 152 2225 us
171 2175 207 2225 ita
223 2177 319 2228 acriter
337 2187 385 2245 est,
398 2187 427 2228 ut
442 2194 459 2227 a
476 2176 539 2227 viris
559 2175 669 2228 sortibus
686 2176 711 2226 in
731 2184 851 2235 extrema
868 2192 915 2243 spe
936 2175 1032 2227 salutis

104 2243 191 2311 iniquo
203 2243 261 2296 loco
279 2255 369 2297 contra
388 2263 440 2313 eos,
455 2247 546 2314 quiex
559 2245 626 2296 vallo
647 2243 811 2312 turribusque
829 2245 882 2295 tela
900 2243 1031 2313 jacerent,

103 2314 212 2379 pugnari
232 2314 332 2381 debuit,
351 2333 414 2367 cum
434 2316 459 2366 in
480 2331 533 2366 una
552 2315 647 2365 virtute
667 2313 754 2365 omnis
774 2331 836 2380 spes
856 2313 950 2366 salutis
969 2331 1032 2365 con·

103 2381 217 2434 sisteret.
262 2384 363 2436 Occisis
385 2384 430 2435 ad‘
453 2384 593 2435 hominum
615 2382 726 2434 milibus
749 2393 860 2450 quatuor
884 2383 980 2451 reliqui
1006 2384 1032 2435 in

102 2450 231 2518 oppidum
254 2451 344 2522 rejecti
370 2466 439 2505 sunt.
484 2452 612 2506 Postridie
637 2449 695 2520 ejus
718 2451 772 2503 diei
796 2453 917 2503 refractis
939 2452 1031 2522 portis,

103 2536 166 2572 cum
182 2519 240 2588 jam
259 2522 416 2574 defenderet
437 2539 526 2592 nemo,
544 2531 625 2590 atque
644 2521 802 2572 intromissis
820 2521 951 2575 militibus
972 2538 1032 2573 nos·

102 2642 194 2650 β...-

133 2708 139 2734 ²
151 2705 199 2753 See
210 2706 278 2765 chap.
290 2710 328 2754 28.

132 2779 142 2805 ¹
152 2778 207 2825 The
218 2797 293 2847 agger
304 2779 360 2826 here
377 2779 516 2827 mentioned
527 2779 548 2827 is
559 2779 601 2827 the
613 2778 704 2827 mound
715 2779 871 2847 constructed
881 2781 915 2839 by
927 2780 969 2828 the
982 2780 1033 2829 Ro·

103 2851 182 2889 mans,
196 2838 276 2885 which
287 2854 368 2886 seems
380 2848 405 2886 to
416 2839 478 2886 have
489 2841 552 2886 been
563 2839 651 2888 almost
668 2855 695 2886 as
711 2839 770 2899 high
782 2854 808 2886 as
820 2839 861 2886 the
873 2839 963 2888 double
976 2839 1033 2888 wall

103 2894 131 2941 of
143 2896 184 2943 the
197 2906 263 2944 town
274 2897 302 2945 of
315 2898 356 2945 the
368 2897 500 2945 Aduatuci.

132 2981 260 3043 ’Demque
270 2985 327 3032 here
338 2985 382 3033 has
394 2986 435 3033 the
447 2984 561 3045 meaning
574 2984 601 3032 of
615 2962 654 3032 ,at
667 2984 745 3032 least)

106 3131 111 3141 .
133 3072 271 3176 ‘Celeritlert
278 3072 380 3133 belongs
395 3084 420 3121 to
431 3074 473 3121 the
484 3074 564 3121 words
581 3075 678 3136 mnibus
693 3075 870 3136 significatione
877 3075 964 3136 factm
983 3075 1034 3123 thot

105 3146 135 3186 ts,
149 3147 220 3190 signo
248 3148 261 3175 α
274 3150 294 3177 ο.

134 3204 194 3249 ‘Aa
209 3203 229 3248 is
246 3202 303 3250 here
314 3204 375 3252 used
386 3221 412 3252 as
424 3221 454 3252 an
466 3205 564 3263 adverb,
578 3206 628 3254 like
638 3209 738 3264 writer,
752 3204 798 3262 and
815 3205 884 3254 there
896 3206 919 3255 is
930 3223 963 3256 no
975 3206 1037 3258 need

106 3262 142 3312 for
152 3262 273 3322 ahanging
283 3262 377 3310 militas
389 3264 440 3310 into
450 3266 524 3312 mitio.
