2250 3736
94 240 136 301 46
398 258 440 297 nc
461 257 558 297 annno
579 255 715 296 cancico.

96 365 242 420 Suevorurn
263 364 297 417 ad
318 365 389 434 ripas
408 364 494 417 Rheni
513 364 675 431 consedisse,
695 363 741 432 qui
764 363 889 417 Rhenum
910 370 1021 417 transire

96 445 253 487 conarentur
260 451 268 503 3
287 433 329 486 his
342 451 466 503 praeesse
478 435 600 486 Nasuam
613 445 639 486 et
652 434 816 486 Cimberium
828 433 931 485 fratres.
959 433 1022 492 Qui·

97 504 148 558 bus
173 504 253 555 rebus
273 505 370 556 Caesar
388 504 563 555 vehementer
582 512 732 556 commotus
756 503 947 555 maturandum
973 502 1022 555 sibi

96 573 267 642 existimavit,
282 590 323 641 ne,
338 574 359 624 si
371 589 440 624 nova
452 589 549 625 manus
560 573 707 625 Suevorum
720 589 782 624 cum
791 572 929 624 veteribus
940 573 1023 640 copiis

96 642 221 695 Ariovisti
235 659 294 694 sese
306 641 495 710 conjunxisset,
509 643 598 694 minus
610 642 689 694 facile
702 641 787 693 resisti
800 649 898 709 posset.
928 641 1023 709 ltaque

97 727 125 762 re
152 711 326 763 frumentaria
352 728 433 780 quarn
460 711 599 764 celerrime
629 711 714 780 potuit
738 721 893 780 comparata
918 710 1024 778 magnis

96 779 244 832 itineribus¹
255 780 289 832 ad
302 780 464 832 Ariovistum
477 781 621 833 contendit.

132 853 174 902 38.
194 851 261 902 Cum
274 849 354 901 tridui
366 850 436 900 viam
453 851 635 919 processisset,
649 848 801 902 nuntiatum
814 856 855 899 est
867 847 893 899 ei
906 848 1024 900 Ariovis-

97 924 230 971 tunicum
250 919 304 970 suis
322 918 446 970 ornnibus
463 919 546 987 copiis
564 921 598 970 ad
613 919 800 987 occupandum
813 917 1025 986 Vesontionem,¹

97 987 166 1055 quod
181 997 221 1039 est
234 987 361 1056 oppidum
379 987 530 1039 maximum
549 987 739 1056 Sequanorum,
753 986 914 1039 contendere
933 986 1023 1038 tridui·

96 1072 150 1125 que
163 1057 237 1109 viam
255 1073 272 1107 a
290 1057 345 1109 suis
357 1056 464 1108 finibus³
475 1056 630 1124 profecisse.
667 1057 697 1109 Id
716 1073 750 1108 ne
769 1056 912 1124 accideret,
927 1071 1023 1123 magno

97 1140 177 1194 opere
196 1126 246 1179 sibi
264 1126 480 1194 praecavendum
500 1126 596 1178 Caesar
608 1125 786 1178 existimabat.
821 1125 949 1192 Namque
968 1142 1023 1177 om·

97 1195 172 1247 nium
192 1212 288 1263 rerum,
303 1212 372 1263 quae
391 1194 425 1246 ad
447 1194 548 1247 bellum
568 1196 629 1248 usui
647 1204 729 1263 erant,
744 1211 851 1247 summa
869 1201 926 1245 erat
944 1195 971 1246 in
992 1210 1023 1246 eo

97 1264 193 1333 oppido
206 1264 328 1332 facultas,
342 1264 423 1331 idque
441 1273 535 1316 natura
548 1265 597 1316 loci
610 1265 650 1316 sic
662 1263 841 1332 muniebatur,
854 1271 883 1315 ut
895 1279 1024 1330 magnam

97 1332 131 1384 ad
144 1334 298 1386 ducendum
312 1332 414 1384 bellum
426 1332 502 1386 daret
512 1334 675 1402 facultatem,
686 1341 825 1402 propterea
837 1332 908 1400 quod
920 1332 1024 1384 flumen

98 1402 185 1454 Dubis
197 1413 225 1454 ul
239 1403 336 1455 circino
348 1402 562 1455 circumductum
581 1420 666 1473 paene
681 1411 765 1455 totum
783 1401 912 1471 oppidum
925 1401 1022 1469 cingit:

98 1471 231 1540 reliquum
244 1471 368 1540 spatium,
382 1470 453 1539 quod
466 1481 507 1524 est
519 1490 571 1525 non
583 1472 700 1541 amplius
712 1471 812 1540 pedum
825 1478 1022 1541 sexcentorum,

97 1556 151 1609 qua
169 1541 272 1593 flumen
295 1541 452 1611 intermittit,
471 1558 548 1594 mons
565 1543 683 1594 continet
702 1558 800 1608 magna
818 1539 960 1591 altitudine
979 1542 1022 1608 ita,

97 1618 128 1661 ut
141 1609 244 1663 radices
257 1610 355 1662 montis
366 1627 401 1661 ex
414 1621 526 1679 utraque
544 1619 619 1679 parte
632 1611 704 1678 ripae
722 1609 841 1662 fluminis
859 1609 1023 1677 contingant.

97 1678 177 1731 Hunc
195 1697 288 1732 murus
305 1678 487 1731 circumdatus
510 1697 600 1731 arcem
620 1681 702 1731 efficit
720 1687 747 1730 et
765 1695 827 1730 curn
846 1677 944 1746 oppido
962 1695 1023 1730 con-

96 1746 191 1818 jungit.
227 1749 287 1801 Huc
307 1750 405 1801 Caesar
424 1748 529 1816 magnis
553 1750 686 1801 nocturnis
705 1749 860 1816 diurnisque
884 1747 1024 1801 itineribus

98 1818 233 1870 contendit
247 1827 430 1886 occupatoque
443 1818 539 1887 oppido
552 1818 589 1870 ibi
602 1818 764 1886 praesidium
777 1817 898 1869 collocat.

133 1890 175 1938 39.
188 1887 259 1939 Dum
273 1903 372 1956 paucos
384 1887 443 1939 dies
455 1888 488 1938 ad
498 1887 688 1940 Vesontionem
698 1887 736 1938 rei
748 1885 939 1939 frumentariae
952 1902 1024 1939 com·

98 1964 258 2024 meatusque
278 1972 360 2008 causa
377 1966 503 2025 moratur,
523 1973 557 2008 ex
575 1957 772 2025 percontatione
791 1966 940 2008 nostrorum
954 1955 1024 2008 voci·

97 2023 203 2093 busque
224 2024 361 2078 Gallorum
385 2043 417 2077 ac
440 2034 626 2095 mercatorum,
647 2026 694 2094 qui
713 2026 814 2092 ingenti
838 2024 1024 2090 magnitudine

98 2109 237 2162 corporum
250 2095 405 2162 Germanae,
420 2095 568 2147 incredibili
581 2097 677 2148 virtute
696 2105 775 2163 atque
794 2093 986 2146 exercitatione
998 2095 1025 2146 in

97 2163 180 2215 armis
189 2180 248 2215 esse
258 2164 454 2233 praedicabant,
465 2181 658 2232 saepenumero
667 2182 727 2216 sese
736 2181 799 2216 cum
809 2163 851 2215 his
860 2165 1025 2230 congressos*

97 2249 132 2284 ne
142 2233 246 2285 vultum
255 2233 366 2301 quidem
377 2242 458 2301 atquc
471 2233 558 2286 aciem
567 2234 703 2286 oculorum
716 2233 785 2285 ferre
798 2233 924 2302 potuisse,
935 2241 1024 2285 tantus

98 2302 186 2354 subito
199 2303 276 2354 timor
289 2319 397 2355 omnem
416 2304 564 2356 exercitum
582 2304 731 2372 occupavit,
746 2312 836 2355 utnon
853 2302 1024 2353 mediocriter

98 2373 219 2424 omniurn
236 2381 344 2424 mentes
361 2372 518 2440 animosque
537 2372 711 2441 perturbaret.
747 2372 798 2423 Hic
816 2371 933 2440 primurn
953 2379 1025 2422 ortus

99 2448 140 2492 est
160 2456 177 2491 a
197 2441 310 2494 tribunis
329 2442 454 2511 militum,
476 2442 619 2511 praesectis
643 2441 814 2510 reliquisque,
836 2441 882 2508 qui
903 2457 938 2492 ex
957 2439 1024 2492 urbe

98 2509 233 2562 amicitiae
246 2527 328 2563 causa
340 2512 482 2563 Caesarem
496 2511 580 2563 secuti
599 2528 651 2564 non
669 2528 798 2578 magnum
820 2511 846 2561 in
867 2526 894 2561 re
915 2507 1025 2561 militari

100 2690 183 2748 Saevi,
197 2708 212 2740 a
224 2691 331 2740 German
347 2692 418 2749 tribe,
432 2709 472 2740 ars
488 2693 541 2742 said
557 2702 583 2743 tc
598 2693 660 2742 have
678 2692 801 2741 consisted
812 2692 840 2740 of
851 2707 897 2741 one
913 2692 1025 2741 hundred

99 2765 155 2858 {1⁸}ss
156 2752 230 2857 1,thul
241 2751 299 2799 here
310 2751 368 2812 only
380 2752 421 2799 the
432 2753 535 2801 soldiers
546 2752 574 2801 of
586 2753 656 2801 those
672 2768 718 2801 one
734 2751 844 2800 hundred
860 2752 916 2812 pagi
931 2768 978 2800 can
994 2755 1025 2802 bs

128 2885 137 2912 ¹
146 2883 189 2930 An
199 2882 311 2943 ordinary
322 2884 393 2944 day's
404 2886 487 2933 march
498 2885 535 2933 for
545 2885 648 2934 soldiers
658 2901 711 2933 was
726 2884 793 2946 eight
806 2884 903 2932 Roman
913 2883 995 2932 miles.

128 2965 272 3024 'Vesontio
290 2969 332 3016 the
347 2970 449 3018 modern
467 2970 603 3033 Besanpom
622 2986 654 3019 on
669 2971 712 3020 the
731 2971 794 3020 river
804 2969 892 3027 Dubis,
905 2969 988 3019 which
1003 2969 1026 3019 is

99 3039 156 3074 now
167 3026 245 3074 called
256 3027 344 3076 Dochs.

129 3109 213 3180 'That
226 3112 255 3169 is,
268 3113 330 3182 from
341 3114 394 3162 that
405 3127 458 3174 part
469 3116 497 3165 of
504 3116 546 3165 the
557 3117 671 3179 territory
679 3117 707 3166 of
714 3115 756 3166 the
768 3114 875 3176 Sequani
883 3114 966 3164 which
975 3130 1026 3164 wan

99 3171 217 3230 occupied
227 3173 260 3232 by
271 3173 420 3222 Ancvistus.

129 3243 266 3321 ‘Namelw
278 3249 352 3296 armti
363 3263 390 3297 or
400 3251 465 3298 hello.
