2250 3736
506 258 597 298 arsen
617 259 650 298 rr.
1000 242 1039 298 73

155 371 212 425 quae
226 377 298 419 tecum
314 384 393 436 agere
405 384 439 419 ac
451 376 555 436 portare
570 385 620 420 non
634 375 763 438 poterant,
777 367 842 420 citra
855 367 956 420 flumen
969 367 1039 422 Rhe·

156 440 207 479 uum
216 429 320 502 depositis
337 437 487 490 custodiam
500 455 533 490 err
547 439 602 490 suis
619 454 652 490 ac
665 437 796 506 praesidio
809 455 857 489 sex
869 438 943 490 milia
956 437 1039 490 honri·

156 510 210 577 ntro¹
221 517 260 556 una
275 506 441 576 reliquerunt.
479 507 512 558 Hi
532 517 590 576 post
608 524 701 559 eorum
719 507 831 559 obituml
843 507 941 559 multos
956 524 1040 560 annos

156 568 267 627 annninis
280 577 412 646 exagitati,
426 594 490 628 cum
508 578 576 628 alias
588 576 690 630 bellurn
710 577 843 644 inferrent,
857 577 925 628 alias
938 577 1040 630 illatum

155 631 298 714 defenderent,
317 663 448 698 consensu
468 648 572 699 eornm’
583 648 705 699 omnium
722 663 789 715 pace
807 645 886 716 facta,
901 646 972 699 hunc
991 647 1041 700 sibi

155 700 254 765 domicilio
264 715 350 768 locum
363 716 530 783 delegerunt.
859 760 864 769 .

178 779 207 830 30.
222 785 255 835 Ac
269 785 353 853 primo
371 786 500 838 adventu⁸
517 786 652 838 exercitus
671 787 750 837 nostri
768 783 875 837 crebras
894 802 927 838 ex
945 785 1041 854 oppido

152 852 286 907 excursiones
304 854 439 908 faciebant
463 856 633 924 parvulisque
654 855 761 923 proeliis
781 871 842 906 cum
866 857 961 907 nostris
979 873 1040 907 con-

150 915 275 990 tendebant:
300 934 393 993 postea
414 924 483 976 vallo
506 925 606 993 pedum
627 941 677 978 ΧΗ.
698 924 725 977 in
749 924 860 976 circuitu
885 926 1039 992 quindecim

146 983 225 1045 tnrliurn
237 994 384 1064 crebrisque
397 994 515 1046 castellis
526 995 723 1047 circummuniti
735 994 831 1062 oppido
844 1011 903 1045 sese
924 996 1040 1046 contine-

161 1067 201 1128 ·ssl.
230 1062 276 1116 Ubi
296 1065 380 1116 vineis
398 1064 473 1132 actis,
493 1081 590 1131 aggere
609 1072 743 1116 exstructo
761 1065 853 1115 turrim
872 1065 962 1132 procul
980 1081 1041 1116 con-

139 1125 339 1201 tortuosum,
361 1133 476 1201 primum
498 1133 608 1185 irridere
630 1151 663 1185 ex
683 1150 758 1185 muro
778 1143 859 1201 atque
884 1135 1040 1202 increpitare

136 1198 236 1272 ficibus,
248 1203 317 1272 qnod
331 1213 405 1255 tanta
422 1204 585 1256 machinatio
604 1203 648 1255 ab⁴
659 1212 731 1255 tanto
750 1205 834 1271 spatio
854 1205 1036 1257 instrueretur:

130 1266 286 1325 ‘tribueram‘
303 1270 428 1325 manibus
447 1283 492 1325 ant
511 1273 609 1341 quibus
627 1273 727 1325 viribus
746 1275 901 1341 praesertim
921 1273 1041 1326 homines

127 1327 236 1405 horulae
247 1352 364 1394 staturae
377 1343 450 1413 (nam
470 1342 628 1412 plerumque
646 1343 771 1395 omnibus
783 1341 867 1394 Gallis
886 1358 948 1411 prae
967 1361 1040 1411 mag-

122 1405 238 1464 nltudine
257 1429 397 1481 corporum
421 1429 530 1465 suorum
555 1413 672 1464 brevitas
695 1421 783 1464 nostra
803 1414 967 1479 contemptui
988 1417 1041 1483 est)

120 1465 190 1528 tanti
200 1484 281 1534 oneris
294 1482 386 1534 turrim
401 1483 425 1533 in
439 1498 515 1535 muro
529 1499 588 1534 sese
601 1481 729 1534 collocare
743 1482 925 1534 confiderent?

160 1548 199 1600 31.
214 1551 262 1604 Ubi
280 1567 343 1603 vero
362 1552 463 1603 moveri
481 1561 508 1604 et
526 1552 736 1621 appropinquare
755 1552 896 1604 moenibus
908 1552 1040 1620 viderunt,

112 1613 275 1690 ”Ovaatque
289 1622 415 1674 inusitata
428 1622 518 1690 specie
537 1623 664 1673 commoti
683 1622 786 1688 legatos
804 1621 837 1672 ad
851 1622 995 1674 Caesarem
1007 1622 1042 1673 de

108 1683 189 1792 iiam
203 1693 337 1758 miserunt,
355 1691 399 1759 qni
419 1691 453 1742 ad
472 1691 543 1742 hune
561 1691 672 1743 modum
690 1691 786 1742 locuti:
808 1707 857 1741 non
880 1691 1044 1743 existimare⁸

137 1762 246 1812 01nanos
265 1762 322 1812 sine
335 1776 385 1829 ope
397 1760 488 1812 divina
500 1759 603 1812 bellum
614 1777 714 1829 gerere,
729 1761 773 1828 qui
787 1769 877 1811 tantae
895 1761 1042 1812 altitudinis

106 1820 327 1882 machinationes
346 1839 418 1881 tanta
436 1831 574 1882 celeritate
593 1847 748 1898 promovere
767 1843 882 1898 possent,
896 1848 925 1882 ee
941 1847 1042 1899 suaque

104 1889 205 1950 ⁰¹11¹¹ia
224 1917 318 1951 eorum
341 1901 465 1968 potestati
485 1900 641 1968 permittere
662 1900 794 1952 dixerunt.
839 1901 930 1952 Unum
949 1911 1042 1969 petere

102 1958 148 2000 αθ
170 1962 302 2038 deprecari
311 1970 329 2021 :⁷
353 1969 376 2020 si
396 1968 462 2022 ferte
485 1986 532 2038 pro
551 1985 599 2021 sna
611 1969 756 2020 clementia
772 1986 805 2020 ac
825 1971 1040 2038 mansuetudine,

101 2026 198 2088 ‘luam
217 2040 265 2108 ipsi
285 2038 320 2092 ab
340 2039 401 2090 aliis
419 2039 548 2107 audirent,
569 2039 712 2099 statuisset,
730 2038 884 2091 Aduatucos
901 2056 960 2090 esse
981 2056 1042 2090 con·

98 2094 266 2177 Quamne,
281 2125 315 2160 ne
328 2125 357 2160 ee
370 2110 452 2161 armis
469 2108 638 2177 despoliaret.
675 2108 728 2161 Sibi
741 2125 835 2159 omnes
847 2108 903 2160 fere
916 2109 1042 2161 finitimos

95 2161 171 2264 5⁸⁸⁶
195 2178 317 2231 inimicos
331 2195 363 2230 ac
376 2194 441 2230 suae
455 2178 542 2230 virtuti
561 2177 697 2245 invidere;
715 2177 840 2246 aquibus
853 2195 882 2229 se
895 2179 1041 2230 defendere

108 2233 218 2300 raditis
229 2249 313 2300 armis
326 2265 375 2299 nou
385 2256 502 2317 possent.
533 2247 586 2300 Sibi
596 2255 738 2317 praestare,
750 2247 807 2299 siin
821 2264 884 2299 eum
894 2264 987 2299 casnm
996 2247 1041 2299 de-

89 2375 250 2502 todizlfw‘
269 2399 289 2468 is
305 2399 363 2447 here
379 2399 480 2468 used-of
492 2400 533 2448 the
544 2400 693 2470 destruction
705 2399 733 2448 of
745 2400 786 2447 the
799 2400 893 2448 Cimbri
909 2400 956 2449 and
973 2401 1040 2472 Teu-

88 2474 210 2564 'iduaff
222 2459 325 2515 Murrus,
339 2459 433 2520 though
444 2469 462 2507 rt
474 2461 613 2520 commonly
624 2460 734 2522 srgmfiee
750 2461 791 2507 the
808 2460 881 2508 death
892 2461 920 2509 of
932 2477 962 2509 an
979 2462 1039 2510 mdr·

89 2563 218 2680 01;uThc
230 2590 296 2639 word
313 2609 392 2639 eornm
410 2591 485 2661 refers
504 2592 563 2640 both
582 2602 608 2640 to
624 2594 657 2649 ni,
675 2593 717 2639 the
735 2592 830 2652 subject
847 2591 874 2639 of
886 2592 927 2641 the
944 2593 1041 2656 leading

156 2655 207 2706 Sc,
220 2650 267 2698 and
278 2662 303 2697 to
314 2651 385 2698 those
397 2651 457 2698 wrth
469 2651 551 2699 whom
562 2651 621 2711 they
632 2651 680 2699 had
690 2653 753 2700 been
764 2664 788 2700 at
800 2667 857 2699 war.

115 2696 125 2796 Σ
142 2710 284 2782 Compare
296 2724 311 2771 i.
321 2728 360 2780 22,
374 2733 430 2771 note
442 2727 463 2772 3.

139 2779 210 2842 &ee
221 2796 289 2855 chap.
298 2801 321 2852 7,
335 2807 391 2844 note
401 2800 421 2844 1.

92 2841 249 2960 nanefme
260 2872 400 2976 quibusnam
412 2880 476 2939 must
488 2872 519 2939 be
531 2871 676 2940 understood
688 2887 756 2941 some
768 2872 834 2921 word
845 2873 1042 2946 expressingnthe

93 2923 264 3046 imgqpprfet
283 2945 297 2976 e
307 2928 440 2987 Aduatuci,
450 2930 530 2977 whrch
542 2947 563 2978 rs
574 2932 702 2979 contained
713 2948 738 2979 m
749 2931 789 2980 the
799 2948 940 2991 expression
949 2937 1040 2984 somus

118 3037 129 3064 ⁸
150 3045 279 3121 Namely‚
290 3079 322 3109 ee.
351 3061 428 3109 What
439 3061 497 3109 here
509 3062 613 3120 follows,
624 3063 695 3111 down
708 3074 732 3111 to
740 3074 846 3126 possent,
858 3065 965 3124 depende
976 3082 1041 3126 upon

97 3096 144 3146 'he
174 3121 296 3180 participle
313 3123 393 3177 locuti,
407 3123 453 3168 and
465 3121 538 3169 forms
556 3123 612 3183 only
624 3123 665 3170 the
683 3124 845 3171 introduction
856 3134 881 3172 to
893 3125 934 3172 the
951 3126 1039 3184 speech

99 3156 188 3221 nih

148 3175 159 3209 ἲ
189 3180 388 3236 eAduarnci,the
400 3197 456 3228 enm
468 3181 514 3229 and
525 3184 657 3230 substance
669 3182 697 3230 of
710 3183 727 3230 it
740 3184 812 3244 being
823 3184 951 3233 contained
963 3179 988 3232 iri
998 3184 1040 3232 the

104 3232 201 3281 words
212 3239 288 3288 which
301 3241 391 3287 follow.

140 3291 153 3320 ²
168 3300 269 3370 Thetis,
286 3313 359 3374 ‘they
371 3313 501 3372 requested
515 3313 565 3360 that
578 3313 609 3361 he
619 3313 701 3361 would
711 3326 754 3362 not
766 3314 796 3363 dc
807 3329 853 3362 one
866 3313 952 3376 thing·

207 3383 220 3429 7
575 3403 593 3438 a
