2250 3736
497 259 590 300 arsura
609 257 637 300 v.
970 241 1024 300 121

142 353 226 417 Materia
243 365 372 438 cujusque
394 366 501 434 generis
525 370 601 420 utin
621 366 709 420 Gallta
733 376 782 438 est,
807 375 913 437 praeter
933 367 1025 436 fagum

139 433 198 496 atque
215 436 336 489 abietem.
373 437 504 505 Leporem
525 446 552 489 et
572 436 701 505 gallinam
721 445 747 489 et
768 455 893 490 anserem
916 448 1025 505 gustare

137 490 167 546 las
175 516 214 556 nott
224 515 328 575 putant;
349 506 417 559 haec
430 515 522 558 tamen
533 507 607 559 alunt
620 507 703 558 animi
716 506 914 576 voluptatisque
933 524 1024 559 causa.

135 560 192 692 l⁰tq¹
208 585 261 628 sunt
282 576 472 645 temperatiora
492 593 575 645 quarn
596 577 624 629 in
644 576 739 645 Gallia,
762 577 960 629 remissioribus
981 577 1024 629 sri-

132 645 172 696 aar
190 659 219 696 us.

158 711 189 761 ¹3.
203 714 285 767 Insula
305 724 400 767 natura
420 715 554 783 triquetra,
576 714 655 784 cujus
674 732 759 767 unum
780 715 850 768 latus
871 724 912 768 est
933 725 1024 768 contra

129 767 227 836 Galliam,
263 783 356 852 Hujus
369 784 460 836 lateris
481 784 548 836 alter
568 784 689 852 angulus,
704 785 748 852 qui
768 794 810 837 est
827 784 862 836 ad
879 785 1024 854 Cantium,¹

127 852 166 904 l¹¹⁰
183 850 228 905 lere
249 871 344 906 omnes
364 871 399 905 ex
419 853 507 906 Gallia
527 870 611 905 naves
631 853 810 923 appelluntut,
831 855 866 906 ad
890 855 1023 908 orientem

124 909 198 989 ⁸0ltro,
209 923 314 975 inferior
325 922 360 974 ad
374 923 515 974 meridiem
529 932 642 991 spectat.
679 924 735 975 Hoc
748 924 818 976 latus
831 931 905 976 tenet
917 924 1023 977 circiter

121 981 183 1039 milia
196 1009 319 1060 passuum
340 1008 366 1044 n.
402 992 529 1044 Alterum
540 994 624 1059 vergit
637 991 670 1043 ad
684 993 841 1062 Hispaniam
858 1001 940 1061 atque
952 995 1022 1046 occi-

119 1041 211 1113 deIlldln
228 1063 321 1129 solem,
335 1078 388 1129 qua
407 1079 440 1113 ex
459 1071 533 1130 parte
552 1071 593 1113 est
613 1062 748 1130 Hibernia,
762 1063 872 1127 dimidio
885 1063 977 1132 minor,
993 1072 1021 1116 ut

117 1127 261 1199 testinatur,
287 1147 371 1198 quam
395 1130 531 1182 Britannia
539 1148 546 1198 3
577 1130 625 1183 sed
649 1132 706 1199 pari
738 1133 824 1200 spatio
849 1133 1021 1186 transmissus

64 1213 74 1229 ⁰
114 1192 184 1258 lique
195 1217 225 1253 ex
237 1201 324 1253 Gallia
343 1209 384 1251 eat
403 1200 430 1252 in
448 1200 622 1253 Britanniam.
659 1200 690 1252 In
709 1199 759 1253 hoc
777 1202 868 1253 medio
886 1218 966 1254 eursu
979 1211 1020 1255 est

113 1265 194 1337 maura,
206 1287 273 1338 quae
285 1270 437 1339 appellatur
450 1271 533 1322 Mona
540 1273 557 1338 3³
575 1270 728 1339 complures
745 1281 884 1339 praeterea
902 1272 1020 1324 minores

138 1345 219 1411 lectae
243 1341 347 1392 insulae
372 1340 560 1392 existimantur
568 1357 575 1408 5
603 1339 637 1391 de
661 1340 759 1408 quibus
782 1340 876 1392 insulis
900 1341 1020 1394 nonnulli

108 1403 266 1478 lortpsemnt,
288 1409 349 1461 dies
373 1409 513 1461 continuos
537 1427 600 1462 xxx.
626 1409 677 1461 sub
697 1409 801 1461 bruma‘
819 1427 880 1462 esse
901 1424 1019 1464 noctem.

106 1456 160 1523 NOS
176 1477 236 1530 nihil
254 1480 289 1532 de
309 1495 341 1530 eo
360 1479 623 1547 percunctationibus
641 1472 849 1548 reperiebamus,
870 1481 920 1532 nisi
939 1482 1019 1534 certis

105 1543 136 1612 ⁰3
149 1551 221 1614 aqua⁶
233 1549 365 1601 mensuris
382 1547 516 1600 breviores
535 1565 596 1600 esee
614 1565 698 1617 quam
716 1549 742 1600 in
760 1549 906 1601 continenti
925 1559 1018 1603 noctes

103 1606 263 1686 vl(lebamus.
311 1617 398 1686 Hujus
428 1626 469 1669 est
499 1617 635 1685 longitudo
660 1617 759 1684 lateris,
784 1626 813 1669 ut
838 1619 888 1671 fert
912 1619 1017 1672 illorum

101 1682 192 1754 ⁰l³¹nio,
205 1703 264 1740 acc.
286 1687 400 1740 milium.
437 1688 559 1739 Tertium
577 1696 618 1738 est
637 1697 728 1738 contra
747 1689 959 1756 septemtriones,
973 1689 1017 1742 cui

100 1749 168 1804 tarn
179 1757 246 1808 nulla
260 1765 300 1809 est
313 1756 419 1826 objecta
432 1765 517 1825 terra5
536 1756 584 1808 sed
598 1756 657 1824 ejus
669 1756 783 1824 angulus
796 1758 886 1810 lateris
899 1758 1017 1810 maxime

100 1811 130 1864 ld
146 1823 314 1880 Germaniam
329 1834 448 1896 spectat:
467 1825 530 1878 huic
549 1826 624 1877 milia
642 1843 772 1894 passuum
790 1843 868 1880 occo.
888 1829 916 1880 in
934 1828 1016 1896 longi-

98 1879 215 1965 ludium
233 1914 293 1948 esse
313 1896 489 1948 existimatur.
527 1897 567 1948 lta
585 1896 674 1948 omnis
691 1895 779 1947 insula
797 1907 838 1949 est
856 1899 883 1950 in
902 1898 1017 1951 circuitu

97 1956 181 2015 lleles
191 1974 299 2018 centum
312 1965 417 2018 milium
431 1982 568 2034 passuum.

95 2078 100 2092 .
133 2032 174 2083 ll.
191 2035 230 2088 Ex
243 2035 285 2088 his
297 2035 422 2088 omnibus
440 2036 518 2103 longe
538 2046 599 2086 sunt
618 2034 815 2103 humanissimi,
829 2037 875 2104 qui
888 2036 1015 2091 Cantium

87 2096 217 2174 .¹⁰001unt,
237 2122 307 2173 quae
328 2106 400 2170 regio
422 2114 463 2157 est
483 2105 620 2156 maritima
642 2106 737 2173 omnis,
756 2121 846 2173 neque
865 2107 980 2159 multum
999 2124 1016 2159 a

114 2163 195 2224 allica
207 2174 334 2227 differunt
347 2173 550 2227 consuetudine.
587 2173 728 2226 Interiores
746 2174 866 2243 plerique
880 2175 1016 2229 frumenta

92 2234 151 2286 ¹¹⁰¹¹
169 2254 261 2313 serunt,
276 2244 324 2295 sed
338 2245 407 2296 lacte
422 2253 449 2295 et
462 2259 542 2296 carne
555 2244 646 2295 vivunt
658 2244 828 2311 pellibusque
842 2256 902 2297 sunt
915 2246 1014 2299 vestiti.

90 2287 191 2364 0¹1lues
203 2331 264 2365 vero
278 2331 307 2365 se
321 2314 438 2365 Britanni
452 2314 528 2366 vitro⁰
540 2313 668 2382 inliciunt,
680 2313 749 2382 quod
763 2314 917 2367 caeruleum
930 2316 1015 2368 efficit

90 2395 1016 2438 &mp—

116 2449 128 2478 ¹
143 2457 206 2521 Iaca,
219 2466 268 2513 like
279 2484 322 2514 aar
331 2465 378 2513 and
388 2469 483 2522 coelam,
497 2482 554 2526 may
564 2468 595 2515 be
607 2466 723 2515 rendered
736 2468 768 2527 by
781 2466 909 2515 ‘climate'

118 2521 134 2551 ¹
148 2532 250 2586 Cantium
260 2540 282 2587 is
293 2539 334 2586 the
346 2539 447 2587 modern
457 2539 532 2586 Kent.

121 2598 221 2670 'Mona
234 2613 364 2674 according
374 2624 400 2661 to
410 2629 488 2670 some,
501 2614 523 2661 is
534 2613 575 2662 the
587 2613 637 2663 Isle
648 2614 676 2662 of
688 2613 763 2672 Mau3
781 2614 828 2662 and
844 2615 973 2677 according
989 2624 1015 2664 to

92 2653 182 2726 ⁰lhets,
194 2673 329 2733 Anglesey.

120 2733 137 2798 ,⁴
145 2737 225 2793 Bruma
236 2746 257 2793 is
269 2745 310 2792 the
322 2746 409 2792 winter
419 2745 527 2802 mistice,
541 2746 588 2794 sud
599 2747 619 2794 is
630 2747 734 2807 perhaps
745 2763 759 2796 a
769 2747 918 2795 contractiori
929 2748 957 2795 os
963 2750 1013 2797 bre·

99 2797 207 2860 Mumm-
224 2805 332 2864 namely,
345 2806 404 2852 dies.

130 2867 192 2925 ‘The
207 2896 331 2927 mmorae
347 2896 374 2926 ea
388 2895 451 2938 aqua
470 2895 510 2927 ate
528 2890 722 2928 measurements
740 2880 811 2929 made
830 2883 863 2940 by
881 2897 966 2930 means
984 2882 1013 2932 os

106 2932 180 2993 wate„
196 2938 247 2985 that
267 2939 296 2989 is,
316 2939 347 2996 by
364 2953 448 2985 means
467 2939 495 2985 os
513 2955 527 2986 a
545 2939 679 2998 clepsydra,
697 2955 724 2986 or
739 2955 770 2986 art
788 2939 928 3000 honr-gloss
946 2941 1014 2992 filled

110 2988 156 3052 trith
165 3008 242 3044 water.
275 2997 356 3056 Every
368 3012 414 3044 one
431 2996 481 3045 will
499 3014 541 3045 see
560 2999 612 3045 that
631 2999 691 3046 both
708 2998 749 3044 the
766 2997 912 3058 description
929 3000 957 3048 of
971 3002 1013 3050 tlte

110 3053 203 3154 llslugtion
214 3055 241 3103 of
254 3055 356 3112 Britain,
369 3055 417 3102 and
427 3055 455 3103 of
467 3057 498 3104 its
514 3057 641 3113 extent,is
657 3071 788 3105 erroneous
805 3058 829 3105 in
845 3058 894 3105 this
910 3070 1013 3108 account

109 3120 120 3154 0
159 3127 229 3161 assur.

131 3180 236 3248 'lVitram
253 3186 273 3234 is
292 3186 333 3234 the
350 3187 410 3234 herb
426 3187 505 3242 word,
518 3188 579 3237 used
595 3187 630 3235 sor
641 3188 730 3248 dyeing
741 3204 754 3235 a
765 3188 821 3236 blue
833 3189 924 3237 colour.
957 3191 1013 3240 The

106 3254 199 3315 sperante
214 3245 265 3293 also
277 3245 355 3295 called
371 3246 388 3292 it
404 3248 518 3351 plautum,
532 3246 579 3295 and
590 3246 689 3295 modern
706 3248 824 3316 botanists
841 3247 888 3314 call
907 3248 924 3295 it
942 3251 1013 3298 iactas

103 3310 202 3356 tannarie
240 3303 264 3353 It
275 3320 355 3352 seems
367 3314 393 3351 to
422 3320 465 3353 ave
481 3305 604 3366 produced
614 3321 629 3354 a
638 3307 752 3366 greenrsh
768 3320 795 3353 or
808 3305 904 3353 bluersh
921 3309 1012 3357 colour.

181 3377 206 3424 tt
540 3392 558 3427 r.
