2250 3736
470 279 563 319 traua
585 279 623 320 rr.
959 257 1015 313 165

48 375 158 440 bitus
175 386 289 442 Romani
308 387 467 457 postulabat,
486 388 561 440 licus
579 386 638 455 ipse
656 393 713 438 erat
733 381 865 454 praesidio
885 382 1013 451 barbaris,

49 455 178 522 neque
197 474 232 510 err
249 458 353 510 occulto
371 457 514 509 insidiandi
528 466 554 508 et
567 456 700 525 dispersos
718 452 944 507 circumveniendi
964 453 1016 503 sin·

51 521 162 592 gplis
173 526 265 579 deerat
277 526 399 579 audacia.
435 529 471 579 At
484 527 509 578 in
523 525 653 596 ejusmodi
667 524 875 588 difficultatibus
885 530 1016 591 quantum

53 577 230 660 diligentia
253 596 384 665 provideri
408 604 518 664 poterat,
540 594 744 664 providebatur,
767 602 796 645 ut
817 594 905 661 potius
924 593 952 642 in
972 607 1016 641 no-

55 660 179 716 ‘endo
190 665 291 734 aliquid
305 667 478 732 omitteretur,
492 667 543 717 etsi
555 665 676 715 omnium
688 663 770 715 animi
783 662 817 714 ad
829 661 1014 714 ulciscendum

57 727 229 803 ardebant,
250 751 333 803 quam
357 752 418 786 curn
440 734 530 802 aliquo
550 733 710 785 detrimento
731 733 847 785 militurn
869 741 1016 782 noceretur.

60 781 191 854 Caesar
208 803 242 855 ad
263 804 390 856 finitimas
409 804 532 856 civitates
550 803 662 854 nuncios
681 802 798 870 dimittit,
818 817 912 852 omnes
931 799 965 851 ad
987 815 1017 849 se

62 867 187 933 §vocat
211 889 259 940 spe
280 872 404 941 praedae,
424 873 458 924 ad
479 871 643 942 diripiendos
665 871 811 940 Eburones,
832 878 861 921 ut
882 870 970 937 potius
989 867 1017 920 in

66 927 170 1001 ⁸‚llvis
192 941 329 994 Gallorum
352 942 414 1008 vita,
439 959 520 1010 quam
544 941 705 1008 legionarius
727 940 815 992 milesl
838 939 1001 1008 periclitetur
1008 952 1016 1005 5

65 1004 176 1073 ⁸¹‚lnul
202 1019 238 1079 ut,
260 1027 359 1078 magna
378 1011 547 1063 multitudine
571 1010 739 1079 circumfusa,
761 1026 807 1078 pro
832 1008 878 1060 tali
899 1008 1017 1059 facinore

67 1071 174 1142 stirps
184 1097 216 1131 ac
229 1097 325 1131 nornen
339 1080 453 1133 civitatis
472 1081 583 1133 tollatur.
620 1080 739 1148 Magnus
758 1079 874 1147 undique
889 1093 1018 1130 numerus

67 1134 149 1193 ⁰⁰1⁶!
157 1150 217 1200 riter
229 1149 362 1201 convenit.

94 1210 172 1269 35.
190 1219 264 1270 Haec
276 1218 304 1270 in
315 1218 440 1271 omnibus
457 1218 613 1271 Eburonum
625 1217 745 1286 partibus
767 1216 934 1284 gerebantur,
948 1215 1018 1267 dies·

61 1285 137 1359 que?
160 1287 312 1356 appetebat¹
319 1287 458 1356 septimus,
465 1305 546 1356 quem
556 1287 590 1339 ad
599 1286 673 1339 diem
680 1285 1019 1354 Caesaradimpedimenta

59 1336 283 1425 Iegurnemque
302 1357 398 1408 reverti
416 1358 596 1409 constituerat.
632 1357 691 1425 Hic,
705 1365 833 1424 quantum
847 1355 872 1406 in
884 1354 955 1408 bello
968 1355 1018 1405 lor·

58 1414 162 1476 luna
179 1429 259 1494 possit
272 1432 299 1477 et
315 1435 428 1493 quantos
445 1426 540 1478 afferat
558 1443 644 1494 casus,
664 1425 788 1492 cognosci
806 1425 899 1493 potuit.
936 1423 1019 1476 Dissi-

56 1489 168 1547 Patis
183 1512 215 1546 ac
232 1495 378 1564 perterritis
396 1494 524 1564 hostibus,
536 1504 565 1547 ut
583 1495 834 1563 demonstravimus,
848 1510 945 1545 manus
962 1500 1019 1545 erat

56 1549 178 1630 nulla,
198 1581 267 1632 quae
287 1580 395 1631 parvam
422 1565 501 1617 modo
524 1581 634 1616 causam
658 1563 759 1615 timoris
781 1562 898 1614 afferret.
935 1563 1019 1615 Trans

57 1610 220 1684 Rhssnum
236 1632 270 1684 ad
287 1633 438 1685 Germanos
455 1635 575 1702 pervenit
594 1635 674 1700 lama,
688 1633 763 1700 diripi
783 1632 923 1683 Eburones
939 1640 1019 1699 atque

61 1681 174 1758 ultr&
184 1718 278 1753 omnes
289 1701 324 1752 ad
337 1702 464 1770 praedam
483 1703 596 1754 evocari.
633 1703 734 1769 Cogunt
746 1702 868 1769 equitum
880 1701 933 1752 duo
945 1700 1020 1754 milia

64 1753 233 1838 Slgambn,
259 1770 305 1839 qui
331 1781 391 1822 sunt
415 1772 526 1839 proximi
555 1772 655 1839 Rheno,
680 1788 697 1822 a
720 1770 818 1839 quibus
841 1779 962 1839 receptos
985 1787 1020 1825 ex

71 1823 162 1898 luga
180 1841 326 1892 Tencteros
349 1849 430 1908 atque
450 1840 575 1908 Usipetes
596 1857 674 1909 supra
692 1840 833 1891 docuimus
842 1840 860 1891 :⁴
883 1847 1020 1892 transeunt

79 1890 219 1961 Rhenum
249 1908 363 1960 navibus
389 1910 549 1980 ratibusque,
567 1928 631 1963 xxx.
658 1909 766 1962 milibus
795 1926 922 1978 passuum
952 1909 1020 1962 infra
1064 1951 1065 1954 ,

84 1976 161 2029 0le
174 1979 270 2046 locum,
280 1978 326 2031 ubi
339 1995 405 2046 pons
413 1987 468 2030 erat
481 1979 625 2048 perlectus⁶
634 1979 849 2048 praesidiumque
861 1980 896 2032 ab
906 1980 1020 2032 Caesare

91 2040 233 2116 telletum:
258 2048 368 2115 primos⁰
388 2047 541 2099 Eburonum
564 2049 631 2100 fines
651 2050 758 2116 adeunt,
780 2048 879 2099 multos
896 2065 930 2100 err
948 2049 1021 2116 fuga'

100 2100 230 2188 dispersos
248 2116 391 2184 excipiunt,
406 2133 502 2184 magno
520 2118 623 2187 pecoris
641 2134 759 2184 numero,
773 2116 850 2168 cu'us
869 2128 930 2168 sunt
948 2119 1021 2187 cupi·

103 2173 201 2237 dissimi
226 2185 339 2253 barbari,
367 2186 509 2253 potiuntur.
553 2187 660 2238 Invitati
684 2187 783 2254 praeda
818 2186 911 2253 ongius
931 2203 1021 2254 proce·

106 2247 178 2306 dunt:
199 2272 249 2307 non
264 2254 313 2305 hos
326 2253 411 2322 palus,
425 2254 450 2305 in
471 2253 542 2306 bello
561 2254 757 2323 latrociniisque
776 2262 858 2322 natos,
873 2272 923 2306 non
937 2255 1021 2309 silvae

108 2333 251 2377 morantur:
270 2322 369 2391 quibus
387 2323 415 2374 in
433 2323 498 2374 locis
516 2324 550 2375 sit
569 2325 674 2392 Caesar,
693 2341 728 2376 ex
745 2323 857 2390 captivis
875 2333 1022 2394 quaerunt,

104 2391 246 2462 profectum
257 2392 362 2459 longius
381 2393 512 2461 reperiunt
530 2409 691 2460 omnemque
704 2395 849 2444 exercitum
863 2393 1022 2446 discessisse

103 2470 269 2529 cognoscunt.
306 2463 395 2528 Atque
414 2479 484 2513 unus
502 2479 536 2513 ex
555 2462 673 2530 captivis,
687 2462 750 2530 quid
764 2479 818 2528 vos,
839 2462 932 2531 inquit,
952 2463 1022 2516 hano

100 2532 223 2585 miseram
236 2547 268 2582 ac
282 2538 390 2582 tenuem
409 2531 548 2582 sectamini
561 2531 696 2599 praedam,
710 2531 807 2599 quibus
820 2531 880 2582 licet
891 2530 948 2600 jam
961 2549 1022 2584 esse

98 2599 333 2659 fortunatissimis?
375 2600 471 2652 Tribus
494 2600 564 2652 horis
586 2599 755 2652 Aduatucam
779 2601 870 2652 venire
895 2602 1020 2669 potestis:

128 2727 201 2774 ¹The
220 2727 368 2775 nominative
387 2729 534 2833 lapionorius
552 2730 618 2776 miles
635 2728 655 2775 is
675 2728 769 2776 abrief
780 2729 827 2776 arrd
843 2729 938 2776 concise
950 2730 1022 2778 mode

94 2788 125 2839 os
138 2787 264 2846 speaking,
278 2786 372 2834 instead
388 2803 402 2834 o

93 2848 189 2899 militis.

125 2918 262 2980 ’Appetere
272 2917 381 2978 signifies
395 2923 434 2965 ‘to
445 2918 583 2977 approach‚'
597 2918 728 2978 especially
739 2919 763 2966 in
774 2919 896 2968 reference
907 2929 932 2967 to
943 2920 1011 2969 time.

125 2990 218 3038 ’Ultro
235 2990 353 3037 indicates
370 2990 422 3037 that
442 3006 489 3050 any
505 3007 550 3038 one
567 2991 644 3052 might
663 3007 741 3048 come,
760 2992 861 3040 without
878 2994 951 3055 being
966 3009 1020 3054 spe·

92 3049 170 3109 rielly
182 3048 341 3097 commanded
352 3065 380 3096 or
390 3049 465 3099 called
479 3065 550 3109 upon.

124 3122 193 3170 ⁴See
205 3122 236 3168 iv.
250 3124 285 3168 16.

124 3198 136 3225 ⁵
148 3194 270 3254 Perfectus
281 3193 339 3242 here
350 3193 371 3241 is
381 3193 423 3241 the
435 3210 502 3241 same
513 3211 540 3243 as
548 3199 633 3258 foetus
644 3212 672 3244 or
683 3205 824 3245 exstructus.

124 3267 255 3323 ‘Primum
273 3267 326 3314 that
338 3267 367 3323 is,
381 3267 450 3314 those
463 3268 543 3316 which
555 3285 619 3317 were
630 3278 726 3317 nearest
738 3280 764 3317 to
775 3270 850 3318 them.

127 3339 264 3401 'Eefugm
277 3339 458 3402 ‘immediately
469 3340 547 3401 after,¹
561 3359 587 3394 or
601 3343 641 3393 ‘iu
651 3358 821 3405 consequence
828 3343 930 3392 nidmu
935 3343 1024 3404 higna.

431 2787 472 2834 the
489 2802 555 2834 more
574 2787 661 2847 logical
677 2788 819 2846 expression
829 2790 879 2835 vita
894 2791 1023 2850 legionarii
