2250 3736
475 251 567 290 ursan
588 251 630 290 vu
967 230 1020 288 191

128 364 175 415 36.
195 361 294 414 Caesar
311 377 347 414 ex
364 377 395 412 eo
414 361 471 413 loco
489 359 589 429 quintis
606 358 708 411 eastris¹
721 357 880 426 Gergoviam
894 358 1023 426 pervenit,

89 432 268 502 equestrique
281 430 380 499 proelio
392 447 424 482 eo
437 430 480 482 die
493 430 545 482 levi
560 429 637 497 lacto,
650 437 787 497 perspecto
801 428 873 480 urbis
886 427 944 495 situ,
954 443 1024 494 quae

90 502 183 571 posita
201 501 226 553 iu
245 501 376 554 altissimo
393 509 485 552 monte
503 517 597 552 omnes
615 499 703 550 aditus
715 497 840 550 difficiles
852 495 977 565 habebat,
991 495 1025 548 de

91 573 295 640 expugnatione
313 570 481 638 desperavit3
500 569 534 621 de
553 568 707 620 obsessione
726 584 778 618 non
791 567 863 636 prius
880 565 1025 634 agendum’

92 642 241 710 constituit,
260 657 342 708 quarn
363 656 419 691 rem
438 639 640 690 frumentariam
665 637 827 705 expedisset.
864 638 900 688 At
922 634 1027 688 Vercin-

92 710 207 778 getorix,
221 710 316 762 castris
332 725 413 778 prope
432 708 561 776 oppidum
580 708 605 759 in
624 716 714 759 monte
734 706 833 775 positis,
847 705 1027 758 mediocribus

93 796 201 832 circum
219 797 248 830 se
267 778 414 831 intervallis
432 778 576 848 separatim
595 776 761 843 singularum
779 777 922 828 civitatum
936 775 1027 844 copias

93 848 290 915 collocaverat;
308 857 390 916 atque
408 847 532 900 omnihus
545 845 605 915 ejus
622 845 678 915 jugi
685 844 805 903 ,collibus
816 845 960 915 occupatis,
974 862 1027 914 qua

94 918 201 986 despici
214 919 335 986 poterat‚³
347 916 500 970 horribilem
519 916 639 985 speeiem
659 915 819 985 praebebat:
838 913 1027 984 principesque

94 1004 192 1040 earum
205 988 351 1056 civitatum,
361 1004 429 1055 quos
441 987 491 1039 sibi
504 986 538 1038 ad
551 985 694 1038 consilium
705 985 867 1053 capiendum
881 984 1026 1055 delegerat,

94 1058 184 1127 prima
196 1057 256 1109 luce
268 1057 386 1125 quotidie
399 1057 433 1109 ad
446 1073 475 1109 se
486 1055 598 1126 jubebat
611 1055 761 1124 convenire,
773 1053 894 1123 seuquid
906 1071 1027 1106 commu·

94 1126 250 1196 meandum,
264 1144 313 1178 seu
331 1126 395 1195 quid
413 1125 656 1179 administrandum
670 1124 819 1176 videretur:
839 1140 928 1192 neque
941 1124 1027 1177 ullum

94 1195 155 1248 fere
167 1197 239 1249 diem
252 1195 451 1265 intermittebat,
465 1197 529 1264 quin
542 1194 660 1264 equestri
674 1193 780 1263 proelio,
790 1193 936 1262 interjectis
948 1193 1027 1260 sagit·

96 1266 179 1333 tanis,
193 1267 255 1334 quid
270 1267 296 1318 in
316 1283 423 1334 quoque
440 1276 512 1318 esset
531 1265 614 1317 animi
626 1281 658 1316 ac
671 1264 775 1316 virtutis
793 1281 908 1332 suorum,
923 1263 1027 1332 pericli·

94 1344 205 1388 teretur.
242 1337 306 1389 Erat
318 1354 334 1388 e
348 1337 453 1404 regione
471 1335 562 1404 oppidi
574 1334 649 1386 collis
667 1333 717 1385 sub
729 1333 794 1402 ipsis
807 1332 941 1385 radicibus
953 1349 1026 1384 mon-

94 1405 140 1468 tis,
160 1406 266 1473 egregie
285 1406 404 1458 munitus
422 1413 503 1474 atque
523 1422 556 1456 ex
573 1404 646 1455 omni
659 1411 734 1472 parte
746 1403 920 1456 circumcisus
933 1403 1027 1473 (quem

95 1475 119 1527 si
134 1484 254 1528 tenerent
267 1476 355 1543 nostri,
369 1483 395 1527 et
408 1491 495 1543 aquae
514 1491 612 1542 magna
624 1482 700 1542 parte
713 1482 738 1525 et
751 1473 930 1542 pabulatione⁴
943 1472 1027 1524 libera

93 1543 253 1614 prohibituri
278 1544 369 1596 hostes
387 1544 563 1611 videbantur3
589 1543 637 1594 sed
655 1543 678 1594 is
696 1542 771 1595 locus
789 1542 922 1611 praesidio
940 1541 975 1595 ab
994 1542 1028 1594 iis

93 1631 149 1666 non
163 1614 243 1666 nimis
260 1614 337 1666 firmo
355 1613 507 1678 tenebatur)
515 1630 522 1680 3
543 1613 644 1665 tamen⁶
656 1612 760 1664 silentio
773 1612 859 1664 noctis
871 1612 976 1679 Caesar,
990 1629 1026 1665 ex

93 1683 190 1735 castris
208 1700 338 1751 egressus,
353 1684 425 1751 prius
443 1700 526 1751 quam
544 1682 662 1735 subsidio
675 1699 710 1734 ex
721 1681 817 1750 oppido
831 1681 914 1733 veniri
927 1689 1025 1751 posset,

93 1752 201 1822 dejecto
219 1752 350 1821 praesidio
364 1754 462 1822 potitus
474 1753 539 1822 loco,
553 1752 621 1806 duas
634 1751 671 1805 ibi
682 1750 803 1819 legiones
814 1751 961 1818 collocavit,
975 1750 1026 1803 fos-

93 1839 209 1892 samque
227 1822 365 1890 duplicem
384 1822 540 1875 duodenum
560 1821 662 1890 pedum
682 1838 699 1873 a
715 1820 861 1889 majoribus
880 1821 974 1873 castris
991 1820 1026 1873 ad

93 1892 199 1946 minora
212 1892 343 1960 perduxit,
357 1901 385 1944 ut
399 1900 454 1944 tuto
472 1893 506 1945 ab
523 1891 660 1960 repentino
679 1891 796 1943 hostiurn
816 1891 924 1944 incursu
943 1890 1027 1944 etiam

93 1961 191 2029 singuli
206 1979 358 2014 commeare
371 1970 488 2029 possent.

131 2035 173 2082 37.
192 2032 264 2083 Dum
290 2030 358 2083 haec
388 2031 422 2083 ad
450 2029 614 2098 Gergoviam
641 2039 777 2099 geruntur,
808 2028 1025 2083 Convictolitanis

92 2101 215 2169 Aeduus,
230 2101 273 2152 oui
292 2101 480 2166 magistratum
499 2100 685 2170 adjudicatum
697 2118 713 2151 a
726 2102 841 2154 Caesare
859 2099 1025 2152 demonstra·

91 2170 202 2238 vimus‚⁸
212 2170 372 2222 sollicitatus
384 2170 419 2222 ab
430 2172 558 2222 Arvernis
571 2170 692 2238 pecunia,
707 2187 769 2222 oum
787 2169 949 2238 quibusdam
962 2168 1025 2221 ado·

91 2239 259 2292 lescentibus
276 2240 440 2308 colloquitur,
461 2256 573 2308 quorum
591 2246 647 2292 erat
661 2243 785 2308 princeps
797 2239 932 2291 Litavieus
943 2248 1024 2307 atque

91 2307 155 2377 ejus
173 2308 274 2378 fratres,
295 2309 463 2379 amplissima
479 2309 582 2362 familia
601 2309 657 2361 nati
673 2308 868 2361 adolescentes.
905 2309 975 2361 Cum
992 2308 1025 2360 iis

123 2464 166 2512 ¹A
179 2465 275 2513 Roman
291 2482 360 2526 army
370 2482 403 2515 on
417 2467 448 2515 its
460 2467 543 2515 march
554 2467 651 2526 pitched
663 2467 694 2515 its
706 2482 776 2526 camp
787 2482 862 2528 every
872 2468 985 2529 evening‚
999 2477 1024 2517 to
1056 2496 1059 2501 ·

92 2524 171 2583 spend
183 2525 224 2572 the
236 2525 303 2591 night
315 2527 339 2573 in
351 2527 384 2583 it;
403 2527 503 2574 whence
515 2529 608 2587 quintis
618 2529 705 2576 castris
717 2527 738 2576 is
749 2527 888 2587 equivalent
904 2536 930 2576 to
940 2530 1024 2590 quinto

91 2585 141 2640 die,
155 2599 189 2640 or,
206 2584 281 2632 ‘alter
292 2601 306 2633 a
318 2586 423 2646 journey
434 2585 462 2633 of
473 2586 522 2634 five
534 2587 612 2647 days!

122 2671 281 2734 ’Agendum
299 2674 392 2732 thetis,
405 2677 564 2737 cogitandum.

122 2758 250 2822 'Despici;
268 2761 356 2822 supply
368 2764 394 2810 ia
404 2772 483 2811 matra
492 2763 609 2813 Romanu.

123 2845 282 2914 ⁴According
290 2856 316 2894 to
327 2848 368 2895 the
380 2848 493 2909 ordinary
500 2850 570 2898 mode
580 2850 608 2898 os
614 2850 742 2912 speaking,
752 2868 789 2900 we
796 2851 884 2901 should
893 2852 951 2902 here
960 2854 1023 2903 have

91 2920 157 2966 aqua
168 2905 229 2961 (that
241 2922 270 2962 rs,
283 2909 391 2966 utroquo)
405 2926 442 2955 nra
461 2927 515 2957 nom
528 2920 620 2973 partem
631 2918 666 2967 (or
676 2929 763 2973 magna
776 2921 853 2974 porte,
869 2916 909 2959 ‘to
926 2923 1023 3019 apreat

91 2965 198 3018 extent')
210 2973 230 3013 et
244 2968 405 3071 pabulatione.
463 2968 519 3016 here
536 2969 557 3016 is
575 2985 605 3016 an
622 2969 775 3030 irregularity
785 2971 811 3018 iu
827 2971 868 3018 the
886 2987 930 3019 use
940 2988 955 3019 o
981 2973 1022 3020 the

92 3023 199 3092 ablativa
212 3041 245 3086 po
259 3027 365 3073 ulatione
376 3026 471 3074 instead
482 3027 510 3074 of
522 3028 563 3076 the
574 3029 681 3089 genitive
688 3032 861 3091 pabulatiouis,
874 3029 1020 3090 dependent,

91 3083 144 3132 like
155 3100 238 3144 cquae,
251 3100 317 3143 upon
328 3102 415 3147 magno
423 3095 500 3147 porte.

122 3175 132 3201 ⁶
146 3170 233 3218 Tamen
244 3171 301 3219 here
313 3172 388 3220 refers
399 3181 424 3220 to
436 3173 477 3220 the
493 3174 548 3222 idea
563 3174 591 3223 of
605 3175 757 3237 ‘although’
769 3175 851 3226 which
862 3175 883 3224 is
894 3176 1020 3228 contained

91 3231 117 3280 in
128 3230 171 3278 the
183 3231 263 3278 words
275 3234 368 3294 egregie
377 3234 495 3291 marthus,
509 3233 558 3283 dac.

121 3317 188 3366 ‘See
199 3317 241 3367 vii.
253 3321 289 3367 33.
