2250 3736
10 1438 26 1486 s

10 1507 30 1540 .'l'

10 1576 31 1608 „³-

10 1646 29 1676 r.

10 1713 31 1746 1

10 1781 28 1813 5

10 1849 28 1881 a.

10 1902 29 1951 ri

10 1987 28 2018 ι.

10 2123 26 2156 Τ
10 2037 27 2088 ΓΔ.

596 116 688 156 tiana
708 118 761 159 VH.

218 225 401 280 Conclamant
413 224 502 278 Aedui
521 231 548 277 et
567 225 726 296 Litavicum,
740 235 770 280 ut
789 225 839 280 sibi
859 227 986 295 consulat,
1000 228 1123 281 obsecra

219 296 309 355 Quasi
322 294 497 364 vero,¹inquit
509 294 562 363 ille,
571 295 674 347 consilii
687 297 720 348 sit
733 313 782 364 res,
791 313 824 348 ac
836 313 888 348 non
900 298 1022 349 necesse?
1030 298 1065 350 sit
1073 315 1121 350 no·

219 365 390 432 Gergoviam
408 363 570 415 contendere
588 372 615 415 et
634 381 697 416 cum
715 367 843 417 Arvernis
861 376 966 418 nosmet
978 366 1123 435 conjunget

221 438 268 488 An
291 434 446 486 dubitamus
466 433 538 502 quin,
561 433 662 484 nefario
683 433 799 486 facinore
819 435 944 502 admisso,
964 437 1076 488 Romani
1094 436 1121 506 ja

221 504 259 556 ad
283 520 332 554 nos
352 502 549 554 interficiendos
572 504 747 556 concurrant?
785 503 905 571 Proinde,
926 506 948 556 si
971 506 1033 573 quid
1058 516 1099 558 est

221 573 305 624 nobis
322 572 413 641 animi,
432 588 627 640 persequamur
644 589 735 625 eorum
761 582 883 640 mortem,
903 575 949 641 qui
967 574 1104 642 indignissi

222 641 392 710 interierunt,
405 650 486 710 atque
506 641 554 692 hos
572 640 687 694 latrones
704 643 903 694 interficiamus.
939 642 1059 695 Ostendit
1078 645 1120 696 cir

223 711 369 780 Romanos,
394 711 440 780 qui
464 710 524 779 ejus
547 710 672 779 praesidii
696 711 793 763 fiducia
817 711 879 763 una³
902 722 985 763 erant.
1022 713 1116 765 Contin

223 797 358 846 magnum
370 797 513 832 numerum
526 780 653 831 frumenti
665 788 886 848 commeatusque
899 781 998 849 diripit,
1013 782 1084 850 ipsos
1093 800 1121 834 or

224 849 325 912 delites
337 850 503 902 excruciatos
522 849 660 900 interficit:
680 851 792 901 nuncios
805 859 858 901 tota
876 851 982 901 civitate
995 851 1122 904 Aeduoru

223 919 347 987 dimittit,
369 919 465 970 eodem
486 918 625 970 mendacio
646 918 681 970 de
701 919 786 970 caede
810 920 929 986 equiturn
954 929 981 972 et
1001 921 1122 990 prinoipu

223 997 381 1057 permovet:
400 988 526 1054 hortatur,
541 995 569 1039 ut
587 987 669 1039 simili
681 988 789 1057 ratione,
802 997 884 1056 atque
902 989 960 1056 ipse
973 989 1074 1058 fecerit,
1088 1008 1119 1042 su

223 1057 338 1126 injurias
350 1066 551 1127 persequantur.

262 1131 304 1177 39.
326 1127 481 1195 Eporedirix
499 1126 618 1194 Aeduus,
639 1142 744 1178 summo
765 1125 822 1177 loco
846 1136 925 1178 natus
948 1127 1105 1179 adolescens

224 1213 352 1248 summae
369 1196 443 1248 domi
461 1197 603 1264 potentiae,
623 1203 649 1247 et
669 1213 722 1248 una
740 1195 922 1262 Virdumarus,
943 1197 998 1264 pari
1015 1206 1104 1249 aetate

223 1265 329 1334 gratia,⁴
347 1265 394 1318 sed
417 1282 516 1334 genere
540 1265 647 1334 dispari,
667 1281 749 1333 quern
770 1265 867 1317 Caesar
891 1265 942 1317 sibi
964 1266 999 1318 ab
1021 1266 1125 1318 Divitia

224 1335 354 1387 traditum
377 1352 412 1386 ex
436 1334 531 1387 humili
554 1333 612 1385 loco
635 1334 669 1385 ad
694 1351 828 1386 summam
855 1334 1011 1402 dignitatem
1036 1336 1120 1403 perdu

224 1404 326 1472 erat,in
339 1405 462 1472 equitum
474 1420 584 1456 numero
603 1412 788 1471 convenerant,
809 1404 966 1456 nominatim
984 1404 1019 1456 ab
1039 1420 1070 1454 eo
1089 1422 1122 1456 er

224 1474 288 1525 cati.
325 1474 374 1525 His
392 1483 449 1526 erat
474 1474 589 1525 interae
615 1472 650 1524 de
676 1473 825 1541 principatu
851 1473 991 1541 contentio,
1014 1481 1041 1525 et
1060 1473 1087 1526 in
1105 1473 1122 1524 il

225 1543 432 1610 magistratuum
450 1541 627 1594 controversia
645 1541 711 1592 alter
729 1558 775 1610 pro
787 1541 1003 1610 Convictolitane,
1017 1541 1085 1594 alter
1102 1560 1120 1611 p

224 1612 291 1664 Coto
310 1612 423 1664 summis
440 1612 546 1680 opibus⁵
563 1623 755 1678 pugnaverant.
792 1612 834 1662 Ex
855 1611 888 1662 iis
906 1611 1068 1679 Eporedirix,
1088 1628 1125 1671 co,

224 1681 282 1733 nito
295 1681 406 1734 Litavici
418 1681 534 1747 consilio,
549 1681 640 1731 media
653 1680 709 1731 fere
722 1687 798 1732 nocte
812 1697 869 1731 rem
887 1680 920 1730 ad
940 1680 1083 1735 Caesarem
1102 1680 1119 1733 d

224 1750 293 1818 fert3
318 1759 382 1819 orat,
401 1768 436 1803 ne
455 1750 577 1818 patiatur,
597 1750 735 1801 civitatem
753 1750 841 1817 pravis
858 1749 1069 1802 adolescentium
1087 1767 1118 1802 co

224 1819 292 1872 siliis
303 1820 338 1872 ab
355 1820 473 1872 amicitia
492 1818 581 1887 populi
599 1820 711 1871 Romani
728 1818 851 1886 deficere,
866 1818 936 1886 quod
955 1818 1073 1871 suturum
1091 1836 1121 1887 pr

224 1889 324 1957 videat,
338 1889 360 1941 si
379 1906 409 1941 se
428 1897 465 1941 tot
483 1888 623 1940 hominum
642 1887 796 1940 miliacum
815 1888 936 1940 hostibus
954 1889 1108 1956 conjunxeri

223 1975 338 2026 quorum
362 1958 476 2010 salutem
500 1973 588 2025 neque
606 1958 746 2027 propinqui
771 1957 914 2026 negligere,
940 1973 1027 2025 neque
1054 1956 1125 2009 oiri

224 2027 280 2079 levi
292 2036 428 2079 momento
442 2027 585 2079 aestimare
597 2035 696 2094 posset.

261 2100 303 2148 40.
321 2097 422 2164 Magna
439 2096 554 2148 affectus
573 2095 748 2147 sollicitudine
767 2095 817 2147 hoc
835 2095 933 2147 nuncio
952 2095 1056 2161 Caesar,
1077 2109 1124 2162 qu

224 2181 333 2234 semper
350 2165 505 2218 Aeduorum
523 2164 624 2216 civitati
643 2166 786 2233 praecipue
805 2164 958 2231 indulserat,
978 2162 1051 2215 nulla
1069 2164 1124 2214 inte

223 2235 312 2304 posita
330 2235 503 2287 dubitatione⁶
522 2233 641 2300 legiones
659 2234 798 2302 expeditas
815 2243 927 2300 quatuor
945 2237 1111 2300 equitatumq

223 2320 336 2356 omnem
353 2321 387 2357 ex
405 2305 500 2356 castris
518 2302 623 2355 educit:
643 2320 693 2355 nec
706 2303 756 2355 luit
775 2304 892 2371 spatium
912 2301 956 2353 tali
976 2310 1094 2370 tempore
1117 2335 1120 2344 ι

255 2488 263 2514 ¹
276 2485 355 2545 Quasi
365 2503 418 2533 vero
429 2485 450 2533 is
461 2501 492 2533 an
502 2485 602 2533 ironical
617 2485 766 2544 expression,
780 2484 917 2543 answering
928 2492 953 2531 to
961 2499 1008 2539 ,our
1021 2487 1061 2530 ‘aa
1072 2481 1097 2540 is,
1111 2481 1119 2530 i

224 2543 304 2592 dead!
337 2544 385 2592 See
397 2545 494 2603 Zumpt.
505 2545 561 2592 Lat.
576 2545 656 2592 Gram.
669 2544 682 2595 h
693 2548 745 2593 572.

254 2616 310 2665 'Ac
320 2634 368 2664 noa
378 2633 488 2673 accersor
506 2617 558 2664 that
569 2617 598 2672 is,
612 2633 639 2664 aa
649 2634 697 2664 aon
705 2619 785 2678 potiar
797 2617 829 2664 rit
840 2616 997 2663 necessitatis.

255 2689 378 2796 'ffir'dulcioy
385 2707 434 2738 aaa
443 2707 454 2746 ,·
470 2688 522 2738 that
533 2689 563 2746 is,
570 2691 663 2750 fiducia
673 2693 732 2746 sola,
748 2689 804 2736 ‘the
815 2689 873 2749 only
884 2703 944 2736 ones
955 2703 987 2734 on
998 2685 1079 2734 whom
1089 2685 1125 2734 th

224 2766 272 2798 oou
309 2765 334 2797 re
345 2765 370 2808 y.

255 2823 363 2871 ¹Gratr'o
371 2840 382 2879 ,⁰
400 2823 506 2882 hemely,
519 2826 584 2884 apud
596 2821 710 2884 populum
718 2839 728 2878 ,·
746 2822 797 2870 that
814 2837 844 2878 rs,
865 2820 973 2876 ‘sareon
993 2818 1123 2867 ‘influenc

225 2899 254 2932 or
267 2881 419 2942 ‘popularity
431 2882 491 2928 with
502 2881 540 2929 his
551 2883 729 2940 countrymen.’

227 2954 378 3062 exihiiii'i'
394 2955 475 3016 opilat
483 2969 495 3010 ,-
512 2953 564 3000 that
582 2953 611 3010 is,
625 2971 712 3001 summo
729 2956 813 3009 hibere,
832 2967 866 3007 or,
888 2949 964 2998 ‘with
981 2948 1023 2997 the
1040 2957 1123 3009 grente

256 3085 398 3133 ‘Dabitatr'c
409 3083 429 3132 is
440 3083 498 3131 here
509 3083 568 3131 used
585 3083 610 3132 in
625 3084 667 3131 the
683 3099 754 3131 sense
765 3082 794 3131 os
804 3099 877 3138 moro,
890 3079 970 3128 which
982 3079 1002 3126 is
1013 3078 1055 3125 tha
1071 3093 1110 3127 res

226 3143 255 3193 os
262 3144 387 3199 dubitatio,
399 3142 447 3190 and
457 3142 499 3189 the
512 3141 590 3190 whole
602 3142 775 3201 expressionis
786 3140 924 3199 equivalent
936 3148 961 3185 to
972 3139 1026 3185 aiae
1034 3153 1107 3184 mora.

357 3217 387 3264 17
685 3228 702 3260 a
