2250 3736
461 120 554 160 urana
574 119 613 160 ιν.
943 101 997 157 lll

65 228 143 284 pore
167 227 388 297 opportuu‘ssimc
412 228 510 281 Caesar
535 228 665 281 auxilium
693 227 767 297 tulit;
796 242 913 296 namque
940 224 1000 295 ejus

67 287 194 349 adventu
213 297 303 349 hostes
320 299 502 367 constiterunt,
520 299 600 350 nostri
619 315 649 349 se
668 314 702 349 cx
720 297 814 350 timore
832 305 999 365 receperunt.

68 353 138 413 Quo
162 366 228 418 lactc
248 366 283 418 ad
304 367 492 419 lacessendum
518 377 544 419 et
568 367 601 418 ad
627 367 849 419 committendum
870 365 1001 434 proelium

68 424 196 488 alienum
213 453 273 488 esse
293 446 401 504 tempus
419 436 559 488 arbitratus
572 452 619 488 suo
632 454 661 487 se
673 436 730 487 loco
745 435 874 488 continuit
887 444 914 486 et
927 433 1001 487 brevi

71 500 197 573 tempore
217 505 367 558 intermisso
389 506 414 557 in
438 515 525 557 castra
549 506 668 573 legiones
692 505 804 557 reduxit.
842 506 912 557 Dum
932 504 1001 556 haec

70 578 211 642 geruntur,
234 575 330 626 nostris
350 574 473 627 omuibus
493 576 637 644 occupatis,
657 577 711 643 qui¹
731 584 806 626 erant
825 575 851 626 in
872 574 941 640 agris
962 590 1001 624 re·

71 627 151 713 hqui,
168 643 356 696 discesserunt.
393 643 517 696 Secutae·
539 653 600 696 sunt
617 645 755 696 continuos
771 642 923 712 complures
942 642 1001 694 dies

72 707 260 782 tempestates,
273 714 355 781 quae'
365 723 392 765 et
405 722 506 765 nostrus
522 713 548 766 in
567 715 659 766 castris
678 713 842 765 continerent
855 722 880 765 et
897 712 1001 764 hostem

70 784 91 819 ⁸
122 795 211 849 pugna
241 782 419 850 prohiberent.
457 783 567 835 iuterim
591 783 695 836 barbari
721 783 827 834 nuntios
854 782 880 833 in
907 797 1002 833 omnes

71 851 167 906 partes
195 852 355 904 dimiserunt
378 851 597 921 paucitatemque
627 861 774 904 nostrorum
799 851 915 904 militum
945 849 1001 902 suis
1067 892 1069 896 >

69 920 298 974 praedicaverunt
320 930 348 974 et
371 929 470 989 quauta
493 921 609 990 praedae
629 921 770 974 faciendae
793 930 874 989 atque
895 920 922 971 in
943 935 1001 988 per·

69 989 191 1043 neruum
213 991 255 1042 sui
278 989 409 1042 liberandi
432 989 547 1043 facultas
569 991 683 1057 daretur,
705 992 726 1042 si
750 991 884 1042 Romanos
908 988 1001 1040 castris

68 1059 250 1128 expulissent,
274 1059 532 1112 demonstraverunt.
569 1061 617 1112 His
642 1060 732 1112 rebus'
755 1059 877 1111 celeriter
902 1073 1001 1124 magna

30 1190 33 1198 Ι
68 1126 248 1232 pannucius
272 1130 408 1199 peditatus
430 1130 619 1199 equitatusque
641 1139 734 1182 coacta
756 1128 791 1181 ad
814 1135 901 1180 castra
920 1142 1000 1178 vene-

83 1202 146 1249 unt.

107 1266 154 1318 35.
173 1267 277 1336 Caesar,
292 1267 343 1319 etsi
361 1266 442 1337 idern,
458 1267 529 1337 quod
548 1268 728 1337 superioribus
744 1267 840 1320 diebus
857 1265 999 1335 acciderat,

67 1319 133 1384 fore
151 1336 268 1406 videbat,
288 1347 318 1389 ut
337 1337 359 1388 si
380 1346 470 1389 essent
490 1337 581 1391 hostes
600 1337 678 1406 pulsi,
698 1337 835 1390 celeritate
852 1334 1001 1405 periculum

64 1394 226 1475 ”ffugerent
257 1415 347 1458 tamen
370 1415 466 1458 nactus
489 1408 593 1476 equites
617 1407 720 1458 circiter
738 1424 810 1475 xxx.²
832 1422 899 1473 quos
923 1404 999 1456 Com--

64 1472 149 1526 ¹¹1¹us
160 1444 282 1544 Atrebas,
296 1476 331 1527 de
349 1492 401 1544 quo
413 1485 475 1527 ante
495 1477 597 1528 dictum
611 1485 658 1545 est,
664 1493 757 1528 secum
770 1480 998 1542 transportaverat,

65 1524 197 1610 ¹³²3giunes
219 1545 246 1596 in
272 1545 333 1596 acie
359 1561 404 1613 pro
428 1546 523 1597 castris
545 1545 689 1597 constituit.
726 1544 874 1598 Commisso
900 1541 999 1612 proelio

63 1597 185 1665 diutius*
197 1623 344 1666 nostrorum
363 1613 478 1666 militum
498 1615 629 1682 impetum
646 1614 735 1667 hostes
754 1613 822 1665 ferre
841 1628 893 1664 uon
909 1621 1000 1681 potue-

64 1679 137 1733 runt
154 1700 186 1734 ac
204 1692 278 1750 terga
296 1692 439 1735 verterunt.
476 1683 549 1742 Quos
567 1693 638 1735 tauto
657 1685 740 1752 spatio
756 1682 849 1749 secuti,
868 1692 1000 1750 quantum

64 1751 156 1803 ‘mrsu
176 1759 203 1804 et
223 1752 324 1805 viribus
345 1751 452 1804 efficere
476 1761 625 1821 potuerunt,
646 1753 798 1822 complures
817 1768 852 1804 ex
875 1751 908 1803 iis
930 1750 999 1802 occi·

65 1803 179 1888 derunt,
198 1821 296 1873 deinde
315 1822 439 1875 omnibus
459 1821 536 1890 louge
557 1823 664 1892 lateque
683 1821 814 1874 aedificiis
834 1821 950 1874 incensis
969 1836 999 1872 se

68 1888 99 1931 ¹1¹
114 1900 201 1942 castra
214 1900 381 1959 receperunt.

109 1957 155 2009 36.
174 1960 275 2012 Eodem
294 1960 339 2011 die
360 1946 442 2028 legati
461 1959 497 2012 ab
516 1960 636 2013 hostibus
656 1959 730 2013 missi
750 1959 785 2012 ad
804 1960 947 2012 Caesarem
965 1957 1000 2010 de

69 2026 146 2088 Pace
163 2038 301 2082 venerunt.
338 2029 385 2080 His
405 2031 502 2082 Caesar
526 2047 669 2083 numerum
686 2029 818 2097 obsidum,
837 2045 920 2096 quem
937 2038 999 2079 ante

71 2095 261 2168 ¹¹ssperaverat,
275 2098 422 2167 duplicavit
435 2116 534 2168 eosque
551 2100 578 2151 in
596 2100 777 2152 continentem
795 2098 892 2150 adduci
912 2097 998 2167 jussit,

72 2164 151 2240 quod
162 2168 306 2237 propinqua
323 2168 366 2221 die
385 2168 545 2236 aequinoctii
564 2169 675 2221 infirmis
692 2168 807 2220 navibus
826 2166 909 2219 hiemi
928 2166 1000 2218 navi-

75 2235 208 2290 gationem
221 2236 429 2306 subjiciendam⁶
441 2254 491 2290 non
505 2238 684 2291 existimabat.
721 2237 782 2305 Ipse
795 2237 919 2288 idoneam
932 2245 1000 2288 tem·

77 2303 207 2360 testatem
222 2317 317 2359 nactus
330 2305 408 2376 paulo
421 2315 479 2375 post
489 2307 607 2359 mediam
621 2316 727 2359 noctem
740 2323 823 2358 naves
835 2306 920 2374 solvit,
931 2321 1001 2375 quae

79 2373 171 2427 ⁰¹nncs
190 2376 339 2429 incolumes
361 2376 396 2428 ad
420 2376 600 2429 continentem
619 2387 814 2446 pervenerunt3
839 2375 886 2428 sed
911 2391 945 2428 ex
968 2374 1001 2427 iis

85 2481 1001 2512 N———-——-——-—--——

77 2554 155 2671 ξὲἑῑῖθ
166 2576 303 2636 dependent
313 2593 379 2636 upon
389 2580 507 2627 ancilium
517 2580 583 2634 tulit,
592 2593 619 2627 or
629 2594 656 2627 as
665 2594 696 2626 un
704 2577 810 2626 ablativa
819 2575 944 2635 absolute}
957 2578 1001 2626 but

138 2641 198 2684 atter
206 2652 289 2684 seems
301 2636 442 2695 preferable.

99 2692 109 2718 ¹
121 2695 176 2756 The
200 2711 227 2756 ui
238 2709 313 2756 refers
325 2719 350 2756 tc
362 2709 432 2757 those
440 2709 537 2758 Britons
545 2710 600 2757 who
612 2709 659 2758 had
670 2712 733 2758 been
744 2709 787 2757 left
798 2708 888 2757 behind
899 2724 931 2756 on
939 2708 1002 2757 their

69 2755 175 2824 estates,
185 2725 224 2816 ior
236 2770 324 2829 reliqui
333 2768 378 2816 has
389 2769 431 2816 the
442 2785 509 2816 same
521 2769 635 2829 meaning
646 2785 673 2817 as
685 2771 767 2817 relicti.
800 2768 847 2816 Sca
859 2767 928 2827 chap.
940 2770 977 2816 ³2.

73 2818 103 2919 Θ,
119 2827 193 2888 Quae
207 2841 319 2889 contains
335 2841 377 2888 the
393 2841 447 2889 idea
462 2841 490 2889 of
502 2851 542 2897 ut,·
563 2841 670 2901 hemely,
688 2850 769 2889 tautae
785 2850 941 2904 tempestates,
958 2849 1003 2901 ut,-

90 2891 146 2937 ¹¹⁰0
161 2899 203 2947 the
215 2901 384 2959 subjunctivae
394 2903 540 2948 continerent
552 2900 599 2948 aud
612 2902 767 2962 prohiberent.

83 2947 95 2974 ⁸
108 2953 242 3032 Namely,
256 2972 336 3020 which
348 2973 390 3020 the
402 2972 495 3021 leaders
506 2973 534 3020 cf
546 2972 588 3020 the
600 2973 698 3020 Britcns
711 2972 758 3020 had
770 2971 918 3021 mentioned.

76 3018 89 3046 ⁴
103 3023 240 3103 Namely,
255 3044 313 3091 than
324 3061 375 3092 was
392 3061 522 3106 necessary
532 3055 558 3093 to
569 3044 655 3092 enable
667 3043 760 3092 Caesar
770 3060 797 3094 or
806 3044 845 3092 his
856 3045 965 3094 cnemies
975 3053 1011 3096 to.

43 3079 95 3174 ’.ἴ
114 3089 185 3148 thut
197 3118 211 3149 a
221 3103 298 3150 battle
309 3120 360 3151 was
372 3104 465 3164 fought.

95 3154 253 3235 Sutjr'cere,
266 3185 292 3224 tc
303 3191 393 3237 expcse
405 3186 430 3225 to
441 3177 483 3225 the
494 3191 577 3238 power
588 3190 615 3224 or
625 3174 746 3223 influeuce
758 3174 786 3224 of
797 3188 865 3222 soma
876 3189 930 3224 ons.
