2250 3736
497 252 588 292 ursan
608 253 647 292 rr.
976 233 1027 292 161

65 358 185 414 nodis
202 360 376 427 articulisque
394 358 507 412 habent:
528 376 615 428 neque
634 358 733 427 quietis
744 376 826 412 causa
844 359 1031 429 procumbunt,

67 439 206 499 neque,
221 432 243 482 si
257 447 309 498 quo
322 429 438 481 afflictae
452 445 515 479 casu
537 427 706 498 conciderint,
721 429 821 496 erigere
840 447 900 481 sese
918 439 963 481 aut
973 430 1034 483 sub·

67 490 198 552 levare
218 507 337 568 possunt.
375 498 424 550 His
439 506 500 549 sunt
520 497 627 550 arbores
646 515 691 566 pro
712 499 861 551 cubilibus:
881 500 914 550 ad
936 517 983 550 eas
1003 516 1033 551 se

67 569 252 638 applicant,
266 577 347 636 atque
369 567 412 635 ita,
433 566 554 635 paullum
577 567 655 619 modo
677 567 829 636 reclinatae,
850 568 971 636 quietem
990 586 1033 621 oa·

68 633 201 698 piunt:
222 655 336 707 quarum
349 653 384 688 ex
395 636 514 704 vestigiis
526 653 609 704 quum
629 646 669 688 est
681 637 899 690 animadversum
918 655 935 689 a
954 655 1035 690 rena·

71 705 219 776 toribus,
241 724 294 775 quo
313 724 343 758 se
363 706 480 774 recipere
500 705 659 775 consuerint,
680 723 775 759 ornnes
798 723 829 758 eo
853 706 910 758 loco
934 716 980 759 aut
998 708 1034 762 ab

72 773 245 830 radicibus
269 775 407 844 subruunt,
425 785 472 827 ant
489 775 615 827 accidunt
633 775 740 828 arbores
759 784 870 848 tanturn,
881 784 910 828 ut
928 794 1035 830 summa

72 846 226 906 species
237 863 330 897 earum
349 845 477 896 stantium
495 844 667 913 relinquatur.
704 845 764 897 Huc
775 862 861 914 quum
879 863 908 896 se
924 863 1035 900 consue·

74 910 203 967 tudine
223 915 416 982 reclinaverint,
429 914 549 966 infirmas
560 915 667 966 arbores
684 914 801 984 pondere
814 914 936 982 affligunt
953 925 1034 985 atque

75 986 160 1032 una
177 985 250 1053 ipsae
262 983 413 1036 concidunt.

131 1054 189 1105 28.
208 1054 329 1106 Tertium
342 1061 383 1104 est
394 1068 480 1120 genus
492 1069 593 1121 eorum,
606 1053 652 1121 qui
665 1052 714 1104 uri²
726 1053 901 1122 appellantur.
930 1053 963 1106 Hi
974 1062 1036 1108 sunt

79 1122 296 1188 magnitudine
308 1122 397 1191 paullo
405 1121 473 1174 infra
482 1121 639 1190 elephantos
646 1138 654 1190 3
673 1124 762 1190 specie
775 1131 801 1174 et
814 1123 900 1174 colore
913 1131 940 1174 et
951 1123 1036 1190 figura

80 1186 189 1242 tauri.
225 1193 326 1259 Magna
339 1191 380 1244 vis
398 1208 490 1243 eorum
509 1200 535 1243 et
553 1207 652 1258 magna
664 1191 805 1244 velocitas:
825 1208 913 1259 neque
927 1191 1034 1261 homini,

80 1263 201 1326 neque
213 1260 294 1325 ferae,
308 1278 390 1329 quarn
402 1261 595 1329 conspexerint,
609 1269 728 1328 parcunt.
754 1261 809 1312 Hos
821 1260 937 1330 studiose
951 1260 1037 1314 loreis

83 1333 204 1392 captos
227 1330 394 1382 interficiunt.
431 1330 488 1381 Hoc
512 1346 541 1381 se
566 1329 654 1381 labore
675 1329 771 1382 durant
792 1329 915 1382 homines
933 1330 1037 1382 adoles·

85 1401 206 1450 centes
216 1411 296 1468 atque
315 1398 366 1451 hoc
382 1415 481 1466 genere
494 1398 642 1450 venationis
654 1408 795 1468 exercent,
814 1409 840 1451 et
853 1399 897 1467 qni
910 1400 1038 1468 plurimos

87 1470 137 1510 θΧ
167 1465 208 1519 his
225 1468 422 1536 interfecerunt,
437 1467 527 1519 relatis
547 1468 573 1520 in
592 1467 730 1536 publicum
748 1468 881 1536 cornibus,
895 1486 965 1538 quae
985 1471 1037 1522 sint

89 1529 270 1607 testimonio,
283 1555 411 1604 magnam
429 1536 517 1590 serunt
535 1536 653 1590 laudem.
689 1537 741 1590 Sed
760 1538 920 1590 adsuescere
939 1539 972 1590 ad
992 1539 1038 1591 ho·

90 1606 203 1657 nunes
223 1616 249 1659 et
273 1607 445 1660 mansuefieri
468 1623 503 1658 ne
527 1606 630 1674 parvuli
652 1606 764 1674 quidem
785 1607 891 1675 excepti
909 1608 1039 1676 possunt.⁸

94 1662 267 1739 Amplitudo
280 1693 409 1728 cornuum
422 1684 449 1727 et
461 1676 545 1742 figura
564 1684 591 1727 et
610 1676 715 1745 species
726 1676 842 1728 multum
860 1693 877 1727 a
889 1685 1037 1730 nostrorum

92 1723 338 1798 bo111noornibus
358 1744 454 1814 differt.
492 1745 567 1796 Haec
587 1745 706 1797 studiose
724 1745 874 1814 conquisita
896 1746 931 1798 ab
949 1745 1038 1799 labris⁴
1063 1805 1064 1810 η

97 1810 220 1917 {gemo
233 1813 446 1867 circumcludunt
458 1822 538 1882 atque
551 1813 580 1866 in
590 1813 764 1883 amplissimis
777 1815 864 1885 epulis
876 1832 922 1885 pro
935 1815 1038 1884 poculis

135 1885 228 1936 untur.

146 1945 191 2000 29.
227 1953 333 2019 Caesar,
358 1960 500 2020 postquam
527 1968 574 2020 per
596 1949 687 2005 Ubios
704 1953 882 2022 exploratores
908 1953 1038 2022 comperit

100 1996 214 2074 Suevos
238 2039 297 2074 sese
321 2021 348 2073 in
373 2020 454 2073 silvas
478 2022 620 2090 recepisse,
642 2022 759 2090 inopiam
779 2023 906 2075 frumenti
927 2024 1035 2092 veritus,
1095 2085 1099 2092 ι

99 2080 191 2154 quod,
204 2100 234 2143 ut
246 2108 326 2160 supra
338 2089 587 2160 demonstravimus,
601 2091 712 2143 minime
724 2108 818 2144 omnes
831 2093 958 2145 Germani
969 2091 1038 2160 agri·

99 2143 232 2231 euliniae
256 2161 372 2226 student,
394 2160 529 2211 constituit
552 2177 605 2213 non
629 2160 750 2239 progredi
773 2161 893 2229 longius,
921 2161 977 2231 sed,
1002 2178 1036 2214 ne

97 2215 219 2296 01111ῙΙηο
239 2238 343 2282 metum
359 2228 460 2280 reditus
478 2229 519 2280 sui
536 2228 654 2281 barbans
673 2229 783 2299 tolleret,
796 2239 877 2298 atque
897 2238 925 2282 ut
944 2247 1037 2284 eorum

95 2283 210 2350 au’fllia
234 2298 357 2367 tardaret,
383 2297 491 2350 reducto
513 2298 640 2367 exercitu,
665 2307 769 2378 partem
793 2299 916 2350 ultimam
940 2299 1035 2370 pontis,

95 2352 177 2410 quae
205 2368 276 2436 ripas
305 2367 432 2420 Ubiorum
462 2367 638 2437 contingebat,
663 2385 690 2420 rn
720 2368 912 2436 longitudinem
937 2369 1037 2437 pedum

94 2420 141 2466 ⁰⁰·
170 2436 317 2504 rescindir5
340 2444 422 2504 atque
447 2436 475 2489 in
498 2446 618 2489 extremo
641 2444 720 2507 ponte
739 2438 833 2490 turrim
857 2437 1037 2493 tabulatorum

89 2487 223 2588 §uatum
252 2506 388 2558 constituit
423 2506 643 2575 praesidiumque
680 2505 831 2559 cohortium
865 2523 916 2560 x11.
946 2508 1034 2576 pontis

99 2558 204 2627 uer¹(li
234 2592 315 2628 cansa
343 2574 424 2644 ponit,
448 2577 606 2644 magnisque
636 2593 700 2627 eum
729 2575 820 2628 locum
844 2576 1037 2628 munitionibus

106 2629 206 2696 rtflat.
243 2644 277 2696 Ei
296 2643 354 2696 loco
378 2643 562 2714 praesidioque
586 2645 615 2697 C.
634 2644 786 2698 Volcatium
806 2644 915 2699 Tullum
934 2643 1036 2697 adoles·

81 2724 1028 2790 N———r—

112 2795 124 2825 ι
139 2809 366 2886 Summaspoeim
385 2825 437 2872 that
449 2825 479 2881 is,
495 2825 551 2872 ‘the
563 2825 661 2886 general
672 2826 773 2885 aspect.'

72 2937 84 2970 ι
108 2880 123 2909 ²
145 2893 228 2958 Usus
244 2910 264 2957 is
276 2926 291 2957 a
303 2911 410 2958 German
421 2910 488 2958 word
500 2910 550 2965 (the
568 2911 612 2958 full
628 2910 691 2959 form
708 2911 729 2959 is
746 2913 867 2960 aner-cels
883 2924 910 2956 or
920 2912 1033 2970 rer-orla),

86 2942 137 3053 a?
156 2967 277 3028 significa
288 2985 303 3016 a
316 2970 456 3017 ‘mountain
467 2970 526 3017 bull‘
539 2986 567 3017 or
579 2969 652 3017 ‘wild
664 2970 732 3018 bull.’

66 3073 98 3118 20
116 3039 175 3140 dc
182 3069 250 3102 cesar
261 3055 319 3102 here
331 3056 452 3103 mentions
463 3055 521 3115 only
532 3056 573 3103 the
585 3071 668 3115 young
680 3058 728 3112 nri,
740 3054 787 3103 and
798 3055 885 3102 allows
896 3054 939 3104 tho
950 3055 1035 3106 reader

147 3114 215 3159 raw
225 3113 263 3161 his
275 3130 330 3161 own
342 3115 495 3162 conclusione
506 3115 646 3174 respecting
657 3115 698 3161 the
709 3114 749 3162 old
760 3129 828 3161 ones.

60 3169 126 3275 ⁰⁸1:
135 3191 278 3307 *gptlplreblrp's
287 3217 298 3257 ,·
317 3201 372 3278 that
381 3201 411 3257 is,
422 3201 504 3248 where
515 3201 557 3248 the
569 3203 635 3249 lcbrc
647 3201 710 3260 (lips)
722 3200 797 3249 touch
808 3200 879 3267 thom¹
887 3202 912 3248 in
922 3201 1037 3264 drinking

203 3331 251 3378 tt*
603 3345 618 3379 c
