2250 3736
104 249 159 308 tta
408 267 448 306 na
470 267 566 306 011100
588 266 724 308 eunuco.

99 393 150 429 non
169 376 307 429 decimum
323 393 458 445 quemque
476 394 537 429 esse
555 377 677 429 relictum
694 375 810 430 militem
828 377 888 431 sine
907 379 997 433 vulner

100 448 140 500 Ex
153 447 195 498 his
206 447 331 499 omnibus
341 446 442 512 judicat
456 447 541 517 rebus,
556 456 653 515 quanto
665 463 729 498 cum
741 447 859 516 periculo
879 457 907 500 et
927 467 996 519 quan

98 533 163 569 cum
175 518 271 568 virtute
285 533 326 568 res
339 518 391 568 siut
402 517 618 568 administratae:
632 517 789 569 Ciceronem
800 535 846 586 pro
856 517 918 587 ejus
930 521 997 571 meri

98 587 286 655 legionemque
305 586 453 638 collaudat:
479 588 647 638 centuriones
671 585 824 654 singillatim
851 588 997 657 tribunosqr

98 656 214 708 militum
227 655 351 724 appellat,
361 673 473 724 quorum
486 657 622 724 egregiam
633 655 717 707 fuisse
731 657 858 709 virtutem
871 660 997 710 testimon

97 726 232 777 Ciceronis
251 734 417 793 cognoverat.
455 727 495 777 De
513 743 577 778 casu
601 725 692 777 Sabini
715 736 741 777 et
760 727 853 778 Cottae
872 729 972 780 certius
989 746 997 780 1

98 798 211 864 captivis
228 795 370 862 cognoscit.
407 796 515 847 Postero
531 794 575 846 dic
591 796 718 846 concione
734 794 901 848 habitarem
918 806 997 865 gestor

97 866 224 934 proponit,
238 866 340 917 milites
356 865 506 916 consolatur
524 876 550 916 et
569 865 722 916 confirmat:
742 865 812 933 quod
831 866 997 918 detrimento]

97 935 175 1003 culpa
193 943 219 986 et
238 934 387 985 temeritate
407 934 487 1001 legati
506 934 539 985 sit
556 943 707 1003 acceptum,
721 933 772 986 hoc
788 935 914 1004 aequiore
932 935 997 987 anim

97 1001 240 1056 ferendum
254 1002 339 1071 docet,
354 1003 431 1072 quod,
446 1003 576 1055 beneficio
592 1002 704 1054 deorum
720 1003 913 1056 immortalium
929 1014 956 1056 ct
969 1004 995 1057 vi

97 1082 159 1125 tute
173 1090 264 1124 eorum
283 1074 388 1142 expiato
407 1073 583 1140 incommodo,
602 1088 690 1140 neque
709 1072 830 1126 hostibus
848 1074 949 1126 diutina
965 1073 997 1126 lat

98 1143 178 1210 tatio,¹
191 1159 279 1210 neque
293 1144 358 1212 ipsis
370 1142 470 1210 longior
482 1141 555 1194 dolor
568 1142 740 1210 relinquatur.

132 1218 173 1264 53.
193 1212 303 1264 Interim
321 1212 354 1263 ad
375 1212 525 1264 Labienum
539 1229 586 1280 per
600 1211 700 1263 Remos
716 1213 865 1266 incredibili
884 1211 997 1267 celeritat

97 1281 131 1334 de
150 1281 259 1333 victoria
280 1282 399 1333 Caesaris
423 1282 495 1333 fama
518 1281 656 1350 perfertur,
677 1289 713 1352 ut,
734 1299 817 1351 quum
841 1283 876 1336 ab
901 1283 989 1335 hibern

97 1352 232 1403 Ciceronis
255 1352 329 1403 milia
354 1368 482 1419 passuum
505 1352 613 1404 abesset
642 1351 746 1404 circiter
770 1370 823 1421 Lx,
849 1369 933 1421 eoque
958 1368 997 1421 por

96 1419 189 1471 horam
209 1436 307 1472 nonam
323 1420 377 1471 diei
394 1422 491 1472 Caesar
507 1421 680 1489 pervenisset,
694 1430 756 1474 ante
775 1423 892 1475 mediam
913 1430 997 1474 noctes

95 1489 129 1541 ad
146 1497 235 1557 portas
251 1497 397 1541 castrorum
411 1489 511 1541 clamor
528 1491 644 1558 oriretur,
660 1507 712 1558 quo
730 1491 846 1543 clamore
865 1492 988 1559 significat

96 1558 222 1610 victoriae
235 1559 428 1627 gratulatioque
446 1559 481 1611 ab
497 1559 590 1612 Remis
607 1559 725 1612 Labieno
740 1561 836 1613 fieret.¹
872 1562 928 1613 Hac
945 1561 997 1612 fan:

96 1628 129 1679 ad
154 1629 277 1680 Treviros
304 1629 413 1698 perlata,
433 1628 636 1698 Indutiomarus,
662 1630 708 1697 qui
734 1639 840 1698 postero
865 1631 909 1683 die
933 1639 997 1682 castr

96 1697 208 1750 Labieni
239 1715 392 1767 oppugnare
425 1697 588 1766 decreverat,
614 1709 694 1751 noctu
725 1699 841 1769 profugit
875 1701 997 1769 copiasqt:

95 1783 191 1818 omnes
208 1768 234 1818 in
254 1767 377 1819 Treviros
396 1767 506 1820 reducit.
543 1769 641 1820 Caesar
659 1767 770 1821 Fabium
791 1787 853 1821 curn
872 1771 997 1838 legione:

96 1852 144 1887 sua
159 1836 267 1888 remittit
280 1836 398 1905 hiberna,
414 1838 470 1906 ipse
483 1855 545 1889 curn
560 1838 642 1890 tribus
654 1838 804 1906 legionibus
817 1839 918 1892 circum
930 1839 997 1892 Sam

97 1905 227 1958 robrivam
247 1907 321 1958 trinis
344 1906 471 1959 hibernis⁸
494 1905 615 1959 hiemare
640 1909 793 1976 constituit,
818 1917 844 1960 et
864 1910 935 1978 quod
954 1918 993 1960 tan

96 1984 185 2027 motus
202 1975 305 2028 Galliae
324 1979 487 2043 exstiterant,
501 1985 584 2038 totam
604 1975 723 2029 hiemem
743 1978 800 2046 ipse
819 1977 853 2030 ad
872 1980 997 2032 exercitur

95 2062 205 2096 manere
218 2044 346 2096 decrevit.
389 2046 460 2097 Nam
473 2046 519 2098 1110
532 2046 699 2097 incommodo
712 2046 747 2098 de
760 2047 850 2099 Sabini
863 2058 948 2100 morte
961 2063 997 2116 pet

95 2113 156 2183 lato,
170 2131 264 2166 omnes
279 2114 334 2166 fere
348 2115 450 2167 Galliae
468 2115 592 2167 civitates
608 2114 642 2166 de
659 2115 729 2168 bello
746 2117 939 2187 consultabant,
955 2134 997 2169 nur

96 2183 151 2235 cios
164 2183 361 2253 legationesque
371 2185 399 2236 in
410 2201 504 2236 omnes
516 2193 605 2254 partes
617 2184 796 2253 dimittebant,
808 2194 835 2238 et
847 2187 911 2255 quid
924 2185 997 2255 reliqr

96 2253 199 2305 consilii
218 2263 345 2322 caperent
362 2262 443 2321 atque
457 2254 527 2305 unde
540 2254 646 2306 initium
663 2254 728 2307 belli
747 2255 823 2307 fieret
846 2256 997 2325 explorabat

96 2333 276 2390 nocturnaque
289 2323 315 2374 in
328 2323 394 2374 locis
406 2322 520 2375 desertis
532 2323 644 2375 concilia
657 2323 801 2377 habebant.
825 2295 922 2394 licque
935 2326 997 2385 ullur

96 2389 152 2444 fere
172 2392 252 2444 totius
270 2391 367 2444 hiemis
391 2400 499 2461 tempus
523 2393 580 2444 sine
605 2391 782 2445 sollicitudine
801 2394 923 2448 Caesaris
942 2395 997 2448 inte

95 2461 185 2528 cessit,
199 2463 273 2530 quin⁴
284 2462 319 2514 ali
341 2479 403 2514 uem
416 2460 450 2512 de
469 2461 589 2514 conciliis
605 2479 638 2513 ac
656 2471 730 2515 motu
743 2463 881 2516 Gallorum
894 2465 997 2518 nuncin}

96 2532 238 2600 acciperet.
274 2532 303 2584 ln
321 2479 372 2584 his
396 2530 430 2583 ab
455 2531 484 2583 L.
503 2531 598 2584 Roscio
622 2531 718 2601 legato,
737 2549 820 2601 quem
840 2533 940 2602 legioni
957 2551 997 2590 xn

125 2695 374 2743 11001011010001101
386 2711 458 2743 occur
469 2695 599 2801 anpwhere
616 2705 703 2754 except
715 2696 740 2744 in
751 2697 799 2744 this
811 2713 931 2759 passage3
949 2701 993 2747 but

96 2754 116 2802 is
128 2771 143 2802 0
152 2771 211 2814 very
222 2754 362 2813 expressive
374 2755 449 2810 word,
464 2771 493 2801 an
522 2755 556 2802 101
565 2757 645 2802 better
656 2755 737 2803 suited
748 2765 773 2803 1ο
785 2756 835 2804 this
848 2773 953 2819 passage
965 2760 997 2807 thr

96 2815 137 2861 the
155 2830 267 2862 common
278 2813 345 2861 word
361 2815 462 2870 laetitia,
481 2813 525 2869 for,
539 2814 612 2874 being
629 2830 644 2862 a
659 2814 743 2862 verbal
760 2816 926 2875 substantive,
944 2818 963 2866 it
981 2835 994 2867 e

96 2888 192 2932 presses
204 2874 245 2921 the
257 2883 295 2920 act
307 2872 335 2919 of
341 2873 457 2932 rejoicing
469 2873 542 2920 itself.
620 2874 623 2881 '

125 2943 241 3000 ²Fieret;
259 2944 308 2992 this
325 2944 479 3002 subjunctive
496 2944 603 3002 depende
620 2960 685 3003 upon
696 2961 750 3005 quo,
763 2945 845 2993 which
856 2949 971 2998 contains
982 2950 997 2999 tl

98 3003 150 3051 'idea
161 3002 188 3049 of
195 3012 240 3059 ct;
259 3003 365 3062 namely,
377 3012 460 3050 tantus
471 3004 565 3066 clamor,
580 3013 606 3050 01
618 3022 642 3052 eo
652 3006 834 3065 clcntorefieret.

124 3077 133 3105 ⁸
146 3075 222 3122 Trina
232 3078 326 3124 hiberno
338 3091 378 3123 are
398 3075 532 3124 ‘threefold
544 3077 631 3123 winter
647 3087 757 3136 quarters
766 3078 783 3133 ;’
801 3077 964 3130 distributive
980 3098 996 3130 n

98 3134 193 3201 merals,
201 3135 273 3194 being
284 3134 422 3202 frequently
434 3136 493 3182 used
506 3135 565 3182 with
576 3136 656 3194 plural
672 3152 749 3184 ncuns
761 3136 843 3184 which
854 3137 919 3188 have
931 3157 964 3190 no
975 3143 998 3190 si

96 3193 180 3301 gpliap,
183 3193 281 3299 ξ1110101111
293 3194 321 3240 of
333 3194 439 3242 cardinal
450 3193 581 3242 numerals.
614 3196 661 3242 See
673 3196 772 3254 Zumpt,
785 3194 842 3244 Lot.
858 3198 943 3249 Grani.
955 3201 995 3254 §1

122 3329 132 3354 ⁴
146 3322 231 3387 Quam
249 3323 302 3372 that
314 3314 402 3385 isque
412 3342 469 3382 non,
484 3325 524 3373 the
535 3341 581 3386 quo
591 3309 709 3388 referring
720 3334 745 3374 to
756 3334 858 3390 tempus.
