2250 3736
131 229 172 288 54
432 245 473 285 nu
494 246 591 284 sunno
613 245 751 286 caturco.

131 361 347 422 commeatuque,
372 350 417 421 qui
447 370 481 405 ex
510 354 640 423 Sequanis
670 363 697 405 et
721 353 823 406 Aeduis
846 358 1054 421 supportaretur,

132 427 275 479 Caesarem
294 423 492 476 intercluderet.
530 425 569 476 Ex
589 440 620 475 eo
639 423 682 474 die
701 423 759 475 dies
779 423 917 474 continuos
935 421 1056 490 quinque

132 496 231 548 Caesar
248 510 294 562 pro
312 493 408 545 castris
426 509 488 545 suas
506 493 596 562 copias
614 492 736 561 produxit
749 501 776 543 et
793 493 880 544 aciem
898 493 1058 543 instructam

131 563 232 632 habuit,
247 572 283 631 ut,
297 562 319 613 si
332 562 413 614 vellet
424 562 574 615 Ariovistus
592 562 690 630 proelio
710 562 878 628 contendere,
892 561 917 612 ei
937 567 1059 629 potestas

131 651 182 686 non
196 633 313 684 deesset.
340 632 489 683 Ariovistus
501 631 543 683 his
555 630 680 683 omuibus
691 631 788 683 diebus
800 631 949 682 exercitum
962 628 1058 681 castris

132 701 268 770 continuit,
279 701 396 769 equestri
409 701 507 770 proelio
520 700 637 768 quotidie
650 700 792 752 contendit.
823 701 915 753 Genus
927 701 987 751 hoc¹
1000 708 1059 750 erat

132 788 246 842 pugnae,
260 788 312 839 quo
332 787 360 821 se
379 770 506 823 Germani
525 778 708 822 exercuerant.
745 769 874 838 Equitum
893 770 967 822 milia
980 774 1058 820 erant

133 858 189 909 sex,
202 840 313 893 totidem
325 856 436 891 numero
449 839 553 908 pedites
565 839 726 892 velocissimi
738 856 770 890 ac
785 838 929 906 fortissimi,
943 854 1011 907 quos
1023 853 1056 891 ex

132 911 205 962 omni
225 911 303 978 copia
322 909 420 976 singuli
441 908 559 975 singulos
582 925 647 960 suae
672 908 766 960 salutis
789 925 870 960 causa
890 908 1048 974 delegerant

133 980 201 1033 Cum
214 977 296 1031 bisin
310 978 417 1047 proeliis
426 977 606 1047 versabantur,
616 977 650 1030 ad
663 995 709 1030 eos
721 994 750 1030 se
763 977 868 1045 equites
877 976 1057 1046 recipiebant.

133 1048 169 1118 hi,
183 1048 282 1116 siquid
301 1056 358 1100 erat
375 1047 486 1115 durius,²
497 1048 696 1115 concurrebant,
710 1046 733 1098 si
750 1048 797 1115 qui
814 1047 933 1114 graviore
945 1045 1059 1098 vulnere

133 1126 245 1186 accepto
263 1134 332 1186 equo
351 1115 495 1185 deciderat,
509 1116 754 1170 circumsistebant:
774 1116 861 1186 siquo
880 1124 936 1168 erat
953 1115 1061 1182 longius

133 1187 319 1257 prodeundum
331 1194 377 1239 aut
389 1185 504 1238 celerius
516 1186 707 1255 recipiendum,
722 1193 795 1237 tanta
807 1195 863 1237 erat
876 1186 969 1237 horum
982 1200 1060 1236 exer·

134 1257 258 1309 citatione
270 1257 400 1326 celeritas,
413 1264 442 1308 ut
459 1255 533 1326 jubis
550 1272 679 1324 equorum
698 1255 831 1308 sublevati
846 1254 964 1308 cursums
975 1253 1060 1306 adae·

153 1333 255 1378 nerent.

133 1341 211 1447 (149.
229 1394 283 1448 Ubi
300 1410 365 1446 eum
383 1393 475 1445 castris
493 1410 522 1445 se
540 1401 631 1445 tenere
643 1393 740 1446 Caesar
753 1393 890 1462 intellexit,
902 1409 937 1445 ne
956 1391 1062 1444 diutius

133 1472 288 1516 commeatu
296 1461 486 1532 prohiberetur,
497 1462 565 1515 ultra
576 1481 639 1515 eum
652 1463 749 1532 locum,
760 1479 812 1532 quo
825 1463 852 1515 in
865 1463 920 1514 loco
930 1460 1062 1514 Germani

134 1533 317 1601 consederant,
331 1531 435 1584 circiter
451 1549 546 1601 passus
563 1543 704 1585 sexcentos
715 1532 750 1584 ab
763 1532 811 1601 his,
826 1532 919 1586 castris
930 1531 1061 1589 idoneum

133 1601 221 1655 locum
241 1601 341 1670 delegit
359 1602 471 1670 acieque
490 1601 585 1669 triplici
604 1602 732 1654 instructa
746 1602 781 1654 ad
796 1619 859 1654 eum
872 1601 961 1653 locum
973 1601 1060 1655 venit.

133 1671 252 1725 Primam
276 1679 303 1723 et
327 1671 474 1723 secundam
493 1671 581 1723 aciem
605 1671 632 1723 in
652 1672 734 1724 armis
754 1689 822 1739 esse,
842 1671 949 1723 tertiam
969 1680 1061 1722 castra

133 1741 239 1795 munire
256 1739 343 1810 jussit.
379 1741 430 1792 Hic
447 1741 521 1792 locus
539 1741 573 1793 ab
591 1739 667 1792 hoste
685 1741 789 1792 circiter
801 1758 896 1810 passus
908 1748 1059 1810 sexcentos,

133 1811 173 1863 nti
186 1810 287 1862 dictum
300 1818 348 1877 est,
358 1809 458 1863 aberat.
495 1810 535 1862 Eo
547 1809 652 1861 circiter
664 1808 802 1863 hominum
815 1826 925 1862 numero
938 1808 1061 1863 sedecim

133 1879 208 1933 milia
231 1879 356 1947 expedita
380 1895 443 1930 cum
466 1879 539 1931 omni
568 1879 687 1947 equitatu
712 1879 860 1932 Ariovistus
882 1879 962 1949 misit,
988 1895 1061 1947 quae

134 1949 228 2016 copiae
241 1956 343 2000 nostros
353 1955 529 2016 perterrerent
547 1955 574 1999 et
592 1948 739 2001 munitione
754 1948 931 2018 prohiberent.
966 1948 1062 2001 Nihilo

134 2018 223 2069 secius
235 2017 340 2084 Caesar,
352 2025 382 2068 ut
393 2026 455 2068 ante
468 2017 647 2084 constituerat,
661 2017 728 2070 duas
746 2019 819 2070 acies
836 2017 942 2069 hostem
954 2017 1061 2086 propul-

135 2103 201 2154 sare,
216 2085 322 2138 tertiam
339 2102 406 2154 opus
424 2087 551 2155 perficere
569 2085 656 2156 jussit.
692 2087 806 2139 Munitis
825 2087 919 2139 castris
936 2087 1004 2138 duas
1022 2086 1062 2140 ibi

134 2153 255 2223 legiones
276 2155 381 2224 reliquit
403 2164 429 2207 et
452 2165 557 2224 partem
576 2155 742 2226 auxiliorum,
764 2164 875 2226 quatuor
895 2155 1012 2225 reliquas
1031 2156 1061 2210 in

134 2232 221 2294 castra
233 2223 335 2294 majora
347 2224 459 2277 reduxit.
583 2245 584 2248 ¹
885 2271 887 2276 .

169 2297 211 2346 50.
236 2295 358 2346 Proximo
382 2293 426 2346 die
449 2294 568 2345 instituto
591 2294 647 2345 suo⁴
667 2293 800 2346 Caesare
820 2294 914 2347 castris
936 2293 1060 2363 utrisque

133 2363 226 2431 copias
243 2381 306 2416 suas
323 2363 414 2415 eduxit
432 2363 593 2431 paulumque
605 2380 622 2414 a
633 2363 780 2433 majoribus
796 2364 890 2417 castris
904 2380 1061 2432 progressus

133 2433 224 2485 aciem
235 2432 355 2485 instruxit
363 2448 371 2501 3
389 2432 510 2485 hostibus
521 2432 656 2500 pugnandi
674 2441 835 2501 potestatem
847 2433 919 2485 fecit.
955 2431 1010 2486 Ubi
1023 2450 1060 2486 ne

135 2508 193 2554 turn
205 2501 314 2570 quidem
323 2518 369 2553 eos
381 2501 485 2570 prodire
498 2501 636 2570 intellexit,
647 2501 750 2554 circiter
759 2501 899 2555 meridiem
909 2502 1061 2556 exercitum

59 2627 82 2639 Ι,
133 2570 162 2622 in
182 2578 270 2622 castra
290 2569 402 2622 reduxit.
438 2571 510 2622 Tum
529 2569 641 2624 demum
658 2570 806 2624 Ariovistus
825 2579 930 2639 partem
949 2587 1061 2625 suarum

133 2639 277 2708 copiarum,
299 2655 368 2707 quae
394 2647 480 2690 castra
509 2639 612 2691 minora
640 2648 812 2708 oppugnaret,
833 2641 916 2692 misit.
952 2641 1061 2693 Acriter

133 2707 266 2777 'utrimque
289 2724 374 2776 usque
397 2707 432 2760 ad
452 2724 596 2776 vesperum
618 2718 765 2777 pugnatum
788 2717 838 2761 est.
874 2709 940 2762 Solis
960 2724 1061 2764 occasu

133 2793 197 2830 suas
214 2776 304 2846 copias
315 2777 465 2830 Ariovistus
482 2776 575 2830 multis
592 2786 619 2830 et
637 2777 718 2831 illatis
730 2786 756 2830 et
771 2779 891 2848 acceptis
902 2779 1062 2833 vulneribus

163 2968 171 2996 ¹
181 2965 235 3014 Hoc
245 2965 319 3014 refers
330 2975 355 3014 to
366 2967 408 3015 the
420 2964 568 3025 description
577 2964 658 3014 which
669 2965 774 3015 follows.

133 3039 247 3150 us:gihai
259 3040 289 3097 is,
302 3038 323 3088 tf
335 3049 360 3089 at
375 3056 422 3101 any
433 3039 562 3100 particular
576 3039 644 3100 point
659 3039 701 3088 the
717 3039 808 3102 danger
819 3055 870 3090 was
886 3049 984 3104 greater
1001 3041 1061 3083 thar·

161 3172 299 3228 'Currum
317 3171 423 3231 namely,
437 3187 555 3231 equorum.

162 3244 332 3305 “According
342 3253 368 3292 to
379 3243 417 3291 his
428 3243 501 3302 plau:
