2250 3736
462 285 554 324 arasa
574 284 623 322 v11.
941 263 1000 322 217

74 397 210 458 addicere.
229 396 291 463 Αῐι,ι
302 393 373 463 quod
385 393 419 446 ad
432 393 506 446 diem
515 411 567 446 non
578 401 714 461 venerunt,
724 393 758 445 de
768 409 860 444 eorum
872 390 925 444 fide
939 408 998 444 con·

75 469 226 534 stantiaque
244 464 391 517 dubitatis?
426 464 497 521 naid
510 463 592 531 ergol
627 463 761 515 Romanos
779 463 805 514 in
824 462 877 514 illis
896 461 999 514 ulterio-

75 537 149 589 ribus
168 535 360 587 munitionibus
378 533 496 584 animine
515 535 606 585 causa²
617 533 736 601 qnotidie
749 533 867 584 exerceri
881 531 1000 600 puratist

75 605 103 659 Si
123 605 238 657 illornm⁸
258 604 362 656 nunciis
382 603 531 655 confirmari
551 619 604 654 non
624 603 742 670 potestis,
755 603 827 654 omni
839 602 911 653 aditu
925 619 1000 670 prae-

76 685 167 743 septo;
186 676 219 725 iis
237 674 341 726 utimini
361 673 487 740 testibus·
496 673 707 741 appropinquare
726 689 816 723 eornm
836 671 1019 740 adventum3'

76 745 154 813 cujus
167 744 203 795 rei
218 744 311 794 timore
326 743 441 793 exterriti
455 743 527 794 diem
540 752 701 811 noctemque
718 742 744 793 in
759 758 839 810 opere
852 751 1000 793 versantur.

76 814 146 874 Quid
171 830 233 881 ergo
258 813 312 864 mei
336 812 439 871 consilii
464 813 524 864 estl
561 811 669 881 Facere,
691 811 761 880 quod
787 811 866 862 nostri
888 810 1001 880 majores

75 900 249 952 nequaquam
272 883 329 951 pari
354 882 424 935 bello
443 881 610 934 Cimbrorum
634 882 839 948 Teutonumque
864 880 984 932 fecerunt
992 896 1001 950 3

76 955 121 1022 qui
141 954 166 1005 in
185 953 284 1021 oppida
301 952 431 1020 compulsi
450 969 483 1004 ao
501 952 583 1003 simili
604 952 692 1020 inopia
711 951 815 1004 subacti
833 967 924 1002 eorum
945 967 1000 1002 cor·

94 1023 190 1091 oribus,
211 1023 256 1090 qui
275 1029 363 1072 aetate
382 1021 489 1072 inutiles
507 1021 540 1072 ad
560 1021 663 1073 bellum
683 1021 847 1087 videbantur,
863 1019 944 1071 vitam
963 1028 1001 1071 to-

75 1040 246 1159 leraverunt?
269 1108 357 1160 neque
389 1108 417 1142 se
448 1090 569 1143 hostibus
599 1090 771 1143 tradiderunt.
808 1089 891 1159 Cujus
915 1089 952 1141 rei
977 1090 1000 1142 si

76 1162 232 1230 exemplum
251 1177 302 1212 non
323 1159 491 1229 haberemus,
506 1170 595 1212 tamen
615 1160 745 1212 libertatis
763 1176 844 1211 causa
860 1160 960 1211 institui
973 1168 1000 1212 et

111 1232 188 1283 steria
200 1231 273 1298 prodi
289 1231 497 1297 pulcherrimum
508 1229 667 1298 judicarem.
698 1231 770 1282 Nam
783 1229 846 1297 quid
861 1229 897 1280 illi
912 1229 1000 1281 simile

74 1248 146 1353 litto
165 1300 234 1352 suitl
271 1301 447 1368 Depopulata⁵
465 1300 552 1352 Gallia
570 1300 678 1368 Cimbri,
693 1316 843 1367 magnaque
865 1299 938 1351 illata
957 1316 1000 1350 ca-

75 1369 204 1437 lamitate,
218 1369 317 1422 finibus
335 1369 446 1438 quidem
466 1370 561 1420 nostris
579 1370 721 1438 aliquando
734 1377 906 1421 excesserunt
919 1378 1000 1437 atque

74 1440 141 1491 alias
160 1451 243 1490 terras
262 1439 394 1507 petierunt
402 1455 409 1507 3
427 1438 493 1507 jura,
508 1439 589 1507 leges,
604 1457 688 1507 agros,
702 1439 854 1491 libertatem
870 1440 947 1492 nobis
962 1455 1001 1490 re·

74 1508 224 1578 liquerunt3
244 1509 356 1559 Romani
376 1524 438 1559 vero
459 1509 522 1576 quid
542 1518 636 1577 petunt
657 1509 730 1561 aliud
750 1516 796 1560 aut
817 1509 880 1576 quid
899 1509 999 1577 volunt,

73 1580 121 1630 nisi
137 1579 237 1630 invidia
249 1577 366 1642 adducti,
380 1595 447 1646 quos
463 1577 535 1629 lama
553 1578 656 1630 nobiles
668 1586 843 1646 potentesque
859 1578 928 1630 bello
940 1595 1000 1645 cog·

73 1657 211 1715 noverunt,
226 1646 320 1698 horum
339 1649 364 1698 in
384 1648 455 1714 agris
472 1648 679 1717 civitatibusque
698 1647 844 1715 considere,
858 1658 939 1717 atque
959 1647 1000 1700 his

72 1728 211 1769 aeternam
229 1715 378 1784 injungere⁰
396 1718 573 1770 servituteml
608 1719 705 1786 Neque
718 1718 792 1769 enim
806 1734 934 1785 umquam
948 1718 1001 1770 alia

72 1787 222 1838 conditione
242 1785 314 1838 bella
332 1794 481 1853 gesserunt.
518 1786 594 1844 Quod
616 1787 638 1839 si
658 1805 698 1856 ea,
712 1803 782 1854 qnae
802 1787 829 1837 in
848 1787 1000 1856 longinquis

72 1857 225 1908 nationibus
248 1866 382 1922 gemntur,
405 1856 529 1921 ignoratis
537 1873 544 1923 3
569 1857 692 1925 respicite
713 1856 854 1908 finitimam
874 1857 998 1927 Galliam,

71 1942 142 1993 quae
156 1925 180 1976 in
196 1925 360 2045 provinciam
373 1924 488 1993 redacta,
501 1924 560 1994 jnre
573 1935 599 1978 et
612 1926 718 1993 legibus
730 1927 910 1996 commutatis,
924 1943 1000 1979 secu·

70 1995 154 2047 ribus⁷
167 2012 197 2045 su
218 1993 298 2062 jecta,
312 2002 441 2062 perpetua
453 1996 584 2062 premitur
596 1997 734 2048 servitute.

118 2068 162 2116 78.
188 2063 333 2135 Sententiis
360 2064 439 2115 dictis
462 2065 635 2135 constituunt,
661 2076 689 2118 ut
713 2065 759 2134 qui
782 2065 930 2120 valitudine
953 2071 1000 2118 aut

100 2248 160 2296 ‘Aa
170 2249 238 2305 here,
252 2265 279 2296 as
291 2250 316 2296 in
327 2260 402 2310 many
411 2251 481 2298 other
492 2268 570 2308 cases,
585 2252 723 2301 introduces
739 2253 781 2301 the
798 2253 887 2301 second
903 2263 957 2313 part
968 2253 997 2302 ot'

68 2308 187 2428 prqqptlpgq
197 2309 319 2368 question,
331 2309 375 2374 the
391 2309 443 2358 first
460 2311 534 2372 being
550 2311 699 2360 understood
715 2312 763 2361 and
778 2312 878 2372 implied
895 2315 920 2362 in
931 2314 998 2362 what

99 2443 203 2490 ’Animi
213 2459 294 2499 caasa,
311 2442 361 2490 ‘for
372 2444 414 2491 the
426 2444 485 2492 sake
497 2445 525 2492 of
532 2446 704 2494 amusement!

96 2514 161 2582 frtri
179 2531 219 2562 are
237 2516 278 2562 the
297 2518 383 2564 absent
401 2517 532 2565 horsemen
550 2520 596 2567 and
613 2519 655 2567 the
673 2520 748 2567 tribes
765 2520 848 2568 whom
865 2520 924 2581 they
935 2520 997 2570 have

68 2574 157 2622 strrred
170 2589 215 2632 up3
234 2575 344 2622 whereas
356 2576 397 2623 the
410 2579 429 2624 ii
440 2577 462 2623 in
476 2578 516 2624 the
527 2578 584 2625 nex't
597 2579 679 2626 clause
692 2595 732 2626 are
745 2580 786 2627 the
799 2580 916 2628 Romans.

100 2648 109 2675 ⁴
124 2645 203 2693 Vitam
219 2650 389 2704 toleraverant,
410 2650 483 2709 ‘they
499 2651 648 2720 maintained
665 2652 728 2700 their
747 2653 824 2721 lives)
857 2653 932 2701 From
948 2652 996 2702 this

68 2720 173 2812 tlte?
184 2706 779 2818 tlt¹⁶t¹lltlldtdl¹lc”tlt‘lltllllt
791 2713 996 2819 tllttllssltl

68 2822 109 2870 sed
123 2839 188 2881 upon
199 2825 240 2871 the
252 2841 351 2884 corpses
363 2803 439 2873 olthe
451 2827 513 2886 aged
524 2785 571 2875 alrd
581 2828 609 2875 os
617 2829 680 2876 their
691 2830 808 2877 children.
987 2807 993 2828 ¹

100 2898 109 2925 ⁶
119 2896 276 2964 Depopulata,
291 2899 384 2966 though
396 2915 410 2946 a
421 2901 545 2959 participle
555 2901 582 2949 of
590 2918 604 2950 a
615 2902 734 2960 deponent
745 2904 812 2959 verb,
824 2904 867 2951 has
877 2902 996 2963 apassiva

68 2969 191 3014 meaning.
224 2956 270 3003 See
282 2973 322 3004 vn.
335 2961 372 3014 61,
386 2969 443 3006 note
453 2961 476 3006 4.

100 3027 252 3097 “dejungera
260 3032 398 3097 seruitutem
409 3032 429 3078 is
439 3047 452 3078 a
461 3032 534 3080 much
545 3032 646 3080 harsher
657 3034 799 3092 expression
810 3034 869 3082 than
880 3035 997 3096 imponere

68 3096 209 3155 servantem
217 3103 228 3143 ,·
247 3099 264 3134 rt
282 3089 377 3147 implies
394 3091 501 3151 severity
513 3091 559 3140 and
575 3108 745 3152 permanence,
759 3094 833 3154 being
848 3093 922 3141 taken
933 3093 995 3143 from

69 3145 112 3192 the
125 3145 217 3206 yoking
228 3146 256 3193 ol
263 3148 335 3194 cattle
348 3157 373 3195 to
384 3149 425 3195 the
437 3151 537 3211 plough.

19 3235 22 3240 ·
98 3218 172 3265 'The
184 3235 277 3266 secares
288 3220 344 3267 here
357 3221 495 3271 mentioned
506 3223 594 3271 arethe
604 3239 662 3271 axes
672 3223 719 3270 and
730 3223 785 3271 rods
795 3226 894 3285 (fasces)
903 3225 996 3275 carried

67 3277 248 3398 gfobificlffwm
261 3294 288 3326 as
300 3279 341 3326 the
353 3280 460 3328 emblem
471 3282 500 3330 ol
507 3283 549 3330 the
560 3298 644 3343 power
650 3281 678 3329 ol
685 3297 699 3328 a
709 3297 829 3342 governor
837 3283 865 3331 ol
872 3300 886 3331 a
898 3283 994 3332 Roman

156 3397 186 3441 19
510 3411 527 3448 'r
