2250 3736
118 235 158 294 64
403 253 444 292 oa
466 251 563 293 sarno
585 252 722 294 eunuco.

100 361 229 432 proficisci
246 360 338 430 jubet:
363 362 392 414 C.
406 361 570 415 Trebonium
590 377 651 414 com
674 361 730 431 pari
751 360 889 429 legionum
913 356 1071 416 numef

98 432 132 484 ad
156 449 218 484 earn
243 431 387 501 regionem,
412 448 482 499 quae
506 431 656 484 Aduatucis
678 431 784 500 adjacet
807 425 1071 501 depopulanda*

98 501 193 554 mittit:
219 501 277 569 ipse
298 518 362 553 cum
382 501 491 568 reliquis
510 501 595 553 tribus
614 501 649 552 ad
669 501 772 553 flumen
791 499 939 573 Scaldem,¹
956 495 1071 571 quel

97 571 183 625 influit
207 570 233 622 in
257 571 372 639 Mosam,
397 579 585 638 extremasque
604 570 765 622 Arduennae
790 580 880 639 partes
903 572 942 624 ire
967 571 1071 624 corf]

97 641 189 708 stituit,
215 657 268 709 quo
297 658 360 692 curn
384 641 478 708 paucis
508 639 644 708 equitibus
667 639 816 708 profectum
838 641 1071 710 Ambiorigertt

96 709 231 763 audiebat.
268 709 418 762 Discedens
437 718 496 778 post
516 709 590 760 diem
606 710 761 779 septimum¹
777 726 838 761 sese
855 715 1071 765 reversururss

97 780 251 832 confirmat:
270 797 352 849 quam
372 779 406 830 ad
426 779 499 832 diem
518 779 543 829 ei
562 778 667 848 legioni,
680 795 750 846 quae
763 779 789 830 in
803 779 938 847 praesidio
953 782 1071 834 telina

96 849 236 918 quebatur,
250 849 415 901 frumentum
433 848 526 901 deberi
539 848 650 900 sciebat.
687 848 836 900 Labienum
849 849 1071 904 TreboniumA

116 935 150 970 ue
162 919 287 988 hortatur,
302 921 323 970 si
337 918 508 986 reipublicae³
520 917 661 969 commodo
679 916 768 968 facere
787 919 897 987 possint,
911 920 947 972 ad
968 931 1071 975 ean!

96 935 170 1040 diem
194 997 374 1055 revertantur,
405 996 433 1039 ut
456 1004 546 1039 rursus
575 987 771 1039 communicato
800 987 914 1040 consilio
939 991 1071 1060 exple-

96 1058 213 1126 ratisque
237 1057 354 1110 hostium
378 1057 523 1110 rationibus
542 1055 617 1108 aliud
636 1056 702 1110 belli
721 1057 827 1109 initium
848 1073 950 1126 capere
972 1077 1071 1129 pos-

96 1136 165 1179 sent.

132 1201 174 1248 ³4.
194 1198 265 1264 Erat,
287 1203 316 1248 ut
340 1212 420 1263 supra
444 1194 695 1262 demonstravimus,
718 1195 822 1247 manus⁴
845 1204 922 1248 certa
947 1199 1045 1267 nulla,

95 1282 150 1320 non
163 1266 298 1334 oppidu'rn,
312 1281 364 1316 non
376 1265 547 1334 praesidium,
561 1264 631 1333 quod
650 1281 679 1316 se
698 1264 781 1316 armis
799 1264 963 1320 defenderet
984 1269 1046 1321 sed

96 1335 125 1388 in
142 1352 237 1386 omnes
254 1342 343 1402 partes
367 1335 488 1403 dispersa
505 1334 658 1386 multitudo.
695 1333 747 1386 Ubi
765 1335 864 1402 cuique
883 1345 932 1388 aut
953 1338 1039 1391 vallia

95 1403 194 1473 abdita,
207 1413 252 1455 aut
266 1403 340 1455 locus
352 1403 489 1472 silvestris,
502 1410 547 1455 aut
561 1403 637 1471 palus
655 1402 785 1471 impedita
803 1421 881 1473 spem
901 1407 1030 1473 praesidii

95 1481 143 1526 aut
162 1473 255 1526 salutis
271 1473 390 1542 aliquam
409 1472 546 1541 offerebat,
566 1472 732 1524 consederat.
769 1473 844 1525 Haec
862 1472 923 1526 loca
936 1477 1029 1529 vicini·

96 1542 205 1596 tatibus⁶
223 1551 298 1594 erant
315 1550 384 1612 nota,
403 1558 584 1610 magnamque
608 1558 651 1594 res
673 1541 840 1609 diligentiam
865 1545 1025 1616 requirebat,

96 1629 148 1666 non
166 1613 195 1664 in
212 1629 319 1664 summa
337 1613 470 1663 exercitus
489 1611 607 1680 tuenda,⁶
619 1610 733 1681 (nullum
753 1611 826 1664 enim
844 1622 951 1680 poterat
971 1616 1025 1667 uni·

96 1681 181 1734 versis
198 1681 233 1734 ab
251 1682 397 1750 perterritis
413 1698 446 1732 ac
464 1680 591 1749 dispersis
609 1680 759 1749 periculum
779 1682 917 1751 accidere)
932 1685 982 1736 sed
1000 1685 1024 1739 iu

23 1798 25 1802 .
96 1750 208 1818 singulis
226 1750 357 1804 militibus
374 1749 564 1802 conservandis
570 1766 578 1818 3
597 1762 666 1818 quae
685 1761 776 1802 tamen
794 1767 829 1802 ex
846 1761 923 1819 parte
936 1769 981 1804 res
992 1754 1025 1807 ad

97 1820 212 1872 salutem
236 1821 370 1872 exercitus
393 1819 552 1888 pertinebat.
600 1821 672 1871 Nam
696 1828 722 1872 et
746 1821 860 1888 praedae
892 1822 1025 1890 cupiditas

96 1889 196 1942 multos
213 1888 318 1956 longius
335 1889 472 1957 evocabat,
490 1898 517 1939 et
535 1889 618 1941 silvae
636 1889 745 1940 incertis
762 1889 929 1958 occultisque
949 1892 1024 1944 itine-

96 1959 171 2011 ribus
188 1958 321 2011 consertos
343 1957 416 2010 adire
435 1957 618 2027 prohibebant.
655 1957 679 2009 Si
698 1958 835 2024 negotium
853 1959 950 2011 confici
968 1961 1025 2012 stir-

96 2043 214 2097 pemque
238 2027 376 2080 hominum
401 2027 590 2079 sceleratorum
608 2026 719 2079 interfici
738 2026 826 2097 vellet,
846 2028 1025 2082 dimittendae

97 2096 187 2166 plures
210 2113 307 2149 manus
330 2096 527 2165 diducendique
551 2106 626 2147 erant
648 2096 763 2149 milites:
789 2097 812 2148 si
832 2098 970 2151 continere
990 2099 1027 2153 ad

98 2167 173 2234 signa
185 2165 335 2235 manipulos
347 2166 436 2234 vellet,
451 2175 480 2217 ut
498 2165 617 2217 instituta
635 2169 700 2217 ratio
718 2176 745 2217 et
763 2166 929 2219 consuetudo
949 2185 1027 2221 exer·

97 2299 163 2331 were
174 2283 209 2331 ori
228 2283 302 2343 inally
310 2282 393 2342 joined
403 2293 429 2329 to
440 2282 481 2329 the
492 2282 625 2341 participle,
639 2298 704 2329 were
715 2294 756 2342 yet
768 2285 875 2332 retained
886 2285 910 2332 in
922 2301 1015 2335 conver

97 2343 200 2390 sational
210 2300 339 2402 languaga
352 2343 453 2389 whence
465 2357 502 2389 we
514 2341 580 2388 often
591 2341 640 2389 find
651 2345 683 2389 ad
693 2360 776 2390 versus
787 2359 814 2391 or
823 2345 849 2391 in
860 2361 953 2393 versus.

128 2418 136 2444 ¹
146 2415 240 2463 Scaldis
252 2416 272 2462 is
283 2415 325 2462 the
334 2415 434 2463 modern
443 2415 555 2470 Schelde,
564 2431 603 2462 ern
621 2425 630 2461 t
648 2415 689 2475 ing
698 2416 766 2463 itself
774 2416 824 2464 into
833 2417 877 2472 the
888 2434 931 2466 sea
943 2419 1027 2466 below

98 2475 227 2542 Antwerp.
260 2474 374 2521 Caesar’s
391 2473 537 2532 description
548 2474 591 2521 has
604 2431 647 2521 llul
654 2486 843 2543 commentatore
853 2487 879 2525 to
890 2477 932 2524 the
945 2479 1026 2526 belief

98 2534 150 2581 that
162 2532 288 2593 originally
296 2549 310 2579 a
319 2532 408 2580 branch
417 2533 445 2579 os
452 2533 494 2580 the
504 2532 608 2581 Schelde
619 2533 707 2581 flowed
718 2544 768 2582 rnto
779 2535 820 2582 the
830 2535 933 2592 Meuse;
950 2538 994 2584 but
1007 2539 1027 2586 it

90 2602 165 2640 vmust
176 2591 254 2639 either
262 2593 293 2638 be
304 2591 426 2649 supposed
437 2591 489 2639 that
499 2593 540 2639 the
548 2592 627 2639 whole
636 2602 739 2653 country
746 2595 858 2641 between
867 2595 909 2642 the
917 2595 1027 2644 Schelde

98 2650 145 2698 and
157 2650 245 2698 Mense
257 2650 300 2697 has
312 2650 415 2708 entirely
424 2650 533 2710 changed
544 2651 576 2698 its
588 2661 670 2709 aspect
682 2652 748 2699 since
760 2652 801 2700 the
812 2653 872 2712 days
884 2653 911 2702 os
920 2654 1026 2714 Caesar,

98 2725 126 2758 or
136 2710 187 2757 thar
201 2709 293 2757 Caesar
304 2724 354 2756 was
365 2709 488 2756 mistaken
499 2710 524 2756 in
533 2710 621 2770 saying
631 2713 693 2770 quod
703 2712 784 2772 influit
795 2713 822 2759 in
830 2711 933 2761 Mosam.

127 2783 205 2831 ”Post
216 2785 276 2830 diem
287 2783 422 2843 septimum
440 2781 528 2863 supply
539 2784 678 2851 inchoatam,
691 2799 719 2831 so
734 2783 787 2831 that
799 2785 817 2832 it
828 2786 944 2834 becomes
955 2786 1027 2846 equi·

98 2842 180 2891 valent
191 2852 217 2890 to
231 2849 277 2889 ‘on
288 2841 329 2888 the
340 2840 444 2901 seventh
454 2840 510 2901 day.
552 2841 600 2890 See
611 2857 643 2889 vr.
655 2845 692 2890 35.

128 2916 137 2944 ³
147 2914 267 2973 Compare
278 2930 301 2960 v.
313 2916 352 2970 46,
365 2922 422 2960 note
434 2916 456 2960 6.

116 2988 137 3092 1⁴
146 2985 253 3043 Manum
269 2986 322 3034 that
333 2986 363 3043 is,
375 3002 389 3034 a
399 2986 520 3034 sufficient
531 2988 634 3035 number
644 2987 672 3035 os
679 2986 780 3036 soldiers
791 2989 931 3038 assembled
943 2990 969 3039 in
980 3008 1028 3041 ono

99 3060 115 3106 p
125 3061 175 3094 ace.

128 3117 293 3166 ‘Vicinitatea
304 3118 362 3165 here
373 3118 394 3166 is
409 3118 450 3165 the
467 3133 534 3167 same
552 3134 579 3166 as
596 3120 677 3175 ouini,
691 3118 732 3166 the
749 3119 855 3168 abstraot
872 3120 947 3182 being
965 3124 1028 3174 used

100 3177 195 3226 instead
206 3176 233 3224 of
245 3177 287 3224 the
299 3187 418 3225 concrete.

128 3250 213 3332 'Tlpat
224 3251 254 3306 is,
271 3249 310 3297 ‘in
320 3249 362 3297 the
373 3265 428 3298 care
438 3249 475 3298 for
485 3249 527 3298 the
538 3249 673 3310 protection
683 3249 711 3298 of
720 3249 761 3298 the
773 3250 854 3300 whole
865 3267 931 3302 mass
943 3253 972 3302 of
984 3255 1027 3304 the

100 3323 175 3370 army.
