2250 3736
95 239 133 299 tt
394 258 435 298 nu
457 259 554 299 suano
575 257 712 299 asiarco.

96 368 159 432 lunt,
173 383 189 418 e
207 366 262 418 suis
279 365 377 420 finibus
394 384 420 419 m
438 367 621 419 Helvetiorum
636 366 703 419 fines
718 363 857 418 transirent
870 370 898 416 et
910 363 1016 419 finitimi

96 435 198 488 Galliae
210 437 361 503 provinciae
373 436 612 505 Allobrogibusque
631 442 740 487 essent..
765 434 844 486 Boios
862 434 1018 502 petentibus

96 504 204 572 Aeduis,
218 505 288 572 quod
308 507 414 572 egregia
432 506 527 557 virtute
546 515 620 556 erant
638 504 742 572 cogniti,
758 512 785 554 ut
803 503 830 554 in
848 503 950 555 finibus
963 503 1018 554 suis

96 573 261 642 tollooarent,
281 576 438 640 conoessi131
460 575 558 642 quibus
579 575 616 625 illi
636 575 722 641 agros²
741 571 871 624 dederunt
896 587 1017 640 quosque

96 651 187 711 postea
207 643 233 695 in
255 659 345 710 parem
368 643 435 713 juris
457 643 641 712 libertatisque
665 641 843 694 conditionem
863 649 946 709 atque
968 640 1017 709 ipsi

96 720 179 776 erant,
192 722 358 779 receperunt.
976 728 982 732 '

131 784 173 830 29.
198 781 226 832 ln
248 783 342 833 eastris
360 781 544 833 Helvetiorum
564 780 671 833 tabulae
692 787 813 848 repertae
837 785 899 831 sunt
922 776 1018 830 litteris

96 849 214 901 Graecis⁸
226 849 363 902 consectae
382 849 460 903 etad
479 851 621 902 Caesarem
640 849 746 917 relatae,
759 848 856 916 quibus
874 847 901 899 in
921 846 1018 898 tabulis

95 919 252 970 nominatim
275 921 341 971 ratio
364 919 486 970 confecta
509 927 573 987 erat,
593 919 639 987 qui
663 933 790 971 numerus
813 917 892 969 domo
918 916 1017 967 exisset

96 1003 196 1056 eorum,
210 989 256 1055 qui
268 1005 341 1040 arma
354 988 422 1039 ferre
435 996 550 1057 possent,
565 996 592 1039 et
605 989 670 1039 itern
683 986 826 1055 separatim
841 984 925 1054 pueri,
939 1000 1018 1036 senes

96 1056 285 1124 mulieresque.
321 1057 440 1114 Quarum
459 1057 578 1108 omnium
597 1057 694 1108 rerum⁴
706 1072 812 1108 summa
827 1063 883 1106 erat
898 1055 1018 1122 capitum

96 1124 279 1178 Helvetiorum
299 1125 374 1178 milia
393 1141 514 1193 ccsxnr,
534 1125 705 1193 Tulingorum
725 1124 798 1176 milia
817 1140 922 1192 xxxva,
941 1123 1017 1174 Lato·

96 1194 231 1262 brigorum
252 1212 318 1263 xrv,
337 1196 516 1247 Rauracorum
536 1194 769 1262 xx111.‚‘Boiorum
788 1209 891 1246 xxxta:
913 1209 949 1244 ex
968 1191 1016 1260 his,

96 1264 141 1331 qui
171 1281 247 1315 arma
270 1264 338 1315 lerre
362 1272 477 1332 possent,
502 1262 537 1314 ad
567 1264 639 1315 milia
663 1279 785 1316 uxxmr.
822 1261 934 1313 Summa
963 1278 1017 1312 ora·

96 1332 169 1384 nium
184 1333 290 1384 suerunt
302 1332 335 1383 ad
348 1333 422 1384 milia
436 1349 585 1384 ccouxvnr.
622 1332 728 1399 Eorum,
740 1331 786 1400 qui
803 1330 914 1382 domurn
934 1329 1018 1381 redie-

96 1410 163 1468 runt,
173 1418 255 1453 oensu
265 1401 363 1470 habito,
374 1411 402 1453 ut
411 1402 508 1453 Caesar
516 1401 701 1470 imperaverat,
710 1408 829 1470 repertus
838 1407 879 1451 est
890 1414 1020 1452 numerus

96 1469 201 1522 milium
215 1487 237 1522 c.
252 1478 279 1521 et
291 1487 318 1522 x.

132 1543 173 1590 30.
195 1538 268 1590 Bello
285 1538 467 1590 Helvetiorum
486 1537 607 1591 confecto
625 1539 705 1590 totius
722 1537 778 1589 fere
796 1536 911 1589 Galliae⁶
928 1535 1018 1604 legati,

96 1607 231 1686 principes
250 1609 397 1675 civitatum,
419 1607 453 1658 ad
475 1608 618 1660 Caesarem
638 1606 800 1675 gratulatum
821 1613 1018 1658 convenerunt:

96 1677 244 1744 intelligere
268 1694 336 1746 sese,
356 1676 463 1729 tametsi
486 1693 532 1744 pro
552 1677 688 1729 veteribus
711 1675 892 1727 Helvetiorum
917 1673 1019 1743 injuriis

96 1746 186 1814 populi
199 1747 319 1798 Romani⁰
330 1746 365 1798 ab
378 1746 420 1797 his
432 1762 531 1814 poenas
544 1745 614 1798 bello
627 1745 775 1813 repetisset,
786 1752 875 1796 tamen
888 1760 951 1795 eam
963 1759 1019 1796 rem

96 1831 148 1866 non
167 1816 255 1867 minus
273 1832 307 1866 ex
325 1832 375 1867 usu
396 1825 479 1865 terrae
498 1814 602 1866 Galliae
620 1832 703 1883 quam
719 1813 808 1882 populi
820 1813 932 1865 Romani
951 1812 1021 1864 aoei-

97 1883 171 1935 disse
180 1900 188 1951 3
206 1891 345 1952 propterea
362 1883 434 1952 quod
453 1899 484 1934 eo
503 1884 610 1935 oonsilio
627 1882 822 1935 florentissimis
835 1881 915 1933 rebus
927 1881 1021 1934 domos

97 1969 160 2004 suas
181 1952 296 2004 Helvetii
317 1952 493 2020 reliquissent,
515 1953 553 2004 uti
578 1953 624 2004 toti
644 1952 747 2004 Galliae
766 1950 868 2003 bellurn
894 1950 1021 2002 inferrent

97 2021 262 2089 imperioque
282 2023 428 2089 potirentur
448 2021 590 2089 locumque
611 2020 746 2073 domicilio
766 2037 800 2072 ex
824 2036 923 2086 magna
945 2022 1022 2089 copia

96 2089 253 2159 deligerent,
267 2108 349 2159 quem
361 2108 395 2142 ex
407 2091 479 2142 omni
492 2090 581 2142 Gallia
596 2089 848 2159 opportunissimum
860 2105 893 2140 ao
905 2087 1022 2141 fructuo-

96 2159 233 2212 sissimum
245 2159 417 2228 judie-assent,
428 2159 598 2227 reliquasque
611 2159 733 2210 civitates
743 2157 928 2226 stipendiarias
939 2157 1022 2210 habe·

96 2237 164 2280 rent.
200 2229 344 2298 Petierunt,
365 2228 404 2280 uti
427 2228 478 2280 sibi
501 2228 645 2280 concilium
669 2227 749 2280 totius
769 2225 873 2279 Galliae
897 2227 926 2278 iu
947 2228 1022 2279 diem

126 2409 135 2436 ¹
151 2407 285 2455 Construa:
307 2407 427 2455 Concessit
442 2407 533 2467 Aequis
547 2409 690 2470 petentibus,
707 2417 735 2456 at
750 2410 888 2456 collocarent
904 2407 977 2462 Boios
996 2409 1023 2456 ia

96 2467 190 2528 finibus
201 2468 263 2522 sois,
276 2469 338 2526 qaod
348 2468 452 2527 egregia,
466 2466 514 2513 &a
1020 2468 1022 2472 ’

126 2540 136 2567 ¹
145 2539 200 2585 The
210 2537 303 2585 district
315 2540 427 2584 between
439 2538 480 2584 the
491 2538 566 2586 rivers
576 2538 650 2599 Liger
659 2539 748 2595 (Loire)
758 2538 805 2586 and
814 2537 904 2586 Elaver
913 2538 1020 2596 (Allier),

97 2596 229 2660 neartheir
239 2596 388 2643 confluente.
420 2596 467 2643 See
478 2597 518 2643 vii.
531 2600 553 2644 9.

126 2669 200 2716 8The
212 2668 328 2724 Helvetii,
342 2684 369 2715 as
380 2667 474 2715 wellas
486 2668 556 2716 other
568 2669 647 2717 Gallio
658 2670 742 2725 tribes,
754 2668 816 2717 used
832 2668 873 2716 the
887 2669 972 2718 Greek
988 2669 1021 2716 al·

97 2728 187 2796 phabet
199 2728 223 2776 in
233 2728 296 2774 their
305 2727 430 2786 writings;
447 2726 507 2786 they
514 2727 561 2775 had
572 2728 689 2788 probably
696 2730 795 2776 become
808 2729 953 2786 acquainted
962 2728 1022 2776 with

97 2797 116 2836 tt
128 2787 232 2847 through
243 2786 285 2833 the
297 2785 444 2852 inhabitants
455 2785 483 2832 of
495 2785 614 2844 Massilia,
628 2803 643 2834 a
654 2787 738 2835 Greek
753 2787 839 2846 colony
850 2787 876 2833 in
890 2787 932 2834 the
949 2787 1022 2837 south

96 2846 205 2894 ol'Guul.
238 2845 358 2903 Compare
370 2860 401 2898 vr.
415 2846 451 2891 14.

126 2919 234 2967 *Rerum
244 2919 265 2965 is
276 2918 333 2965 here
345 2916 406 2964 used
418 2917 442 2963 ia
452 2916 494 2964 the
505 2933 577 2966 sense
589 2918 616 2966 of
628 2933 693 2975 men,
707 2934 734 2966 as
750 2918 775 2965 in
790 2916 859 2976 chap.
871 2921 902 2966 27
913 2935 940 2965 eo
956 2933 1021 2966 com-

97 2977 179 3040 prised
189 2977 248 3024 both
259 2992 316 3024 men
327 2976 374 3023 and
385 2991 457 3023 arms.

126 3050 212 3097 ⁸That
229 3050 258 3105 is,
272 3049 361 3105 Gallia,
375 3049 399 3095 in
414 3048 456 3094 the
471 3063 593 3096 narrower
608 3065 680 3098 sense
696 3049 724 3098 of
736 3049 777 3096 the
787 3047 863 3102 word,
877 3063 904 3096 or
916 3048 1020 3104 Celtica,

100 3109 140 3158 the
152 3108 216 3156 third
227 3107 254 3154 of
266 3107 308 3154 the
319 3108 387 3154 three
399 3107 514 3154 divisione
526 3107 553 3154 of
562 3107 634 3156 Gaul.

128 3182 171 3229 ⁸Is
187 3180 229 3228 the
245 3180 365 3239 objectiva
381 3178 502 3238 genitive:
522 3180 577 3228 ‘the
589 3197 686 3244 wrongs
697 3181 778 3230 which
794 3180 835 3229 the
849 3179 960 3228 Helvetii
975 3177 1022 3230 had

101 3241 196 3291 donato
207 3240 247 3288 the
259 3239 355 3288 Roman
365 3237 469 3298 people.’
