2250 3736
95 238 135 298 62
400 255 439 296 na
461 258 558 297 aaaso
579 255 714 296 aaaaroo.

98 363 175 415 nibus
194 363 260 416 vicia
278 363 469 432 aedificiisque,
491 382 557 433 quos
579 363 651 416 adire
672 370 818 433 potuerant,
841 363 949 416 incensi

97 445 183 484 castra
203 434 325 485 Caesaris
343 433 467 485 omnibus
486 435 570 501 copiis
589 433 781 485 contenderunt
800 441 826 484 et
846 433 890 484 ab¹
909 433 948 485 mi

97 497 222 568 passuu‘rn
248 503 337 554 minus
360 502 464 554 duobus
488 512 573 555 castra
597 511 755 570 posuerunt,
776 518 848 569 quae
873 511 949 553 casta

97 570 171 621 lumo
190 578 270 639 atque
287 571 392 638 ignibus
410 572 615 641 significabatur,
628 572 745 640 amplius
762 571 872 623 milibus
890 588 949 640 past

97 650 155 690 octo
169 640 193 690 in
207 639 376 692 latitudinem
388 641 524 708 patebant.

132 713 157 760 8.
177 709 274 759 Caesar
283 711 367 778 primo
380 719 407 761 et
420 709 730 778 proptermultitudinem
744 706 861 761 hostium
874 717 900 760 et
914 725 949 776 prr

97 778 225 830 eximiam
238 779 390 846 opinionem
402 780 508 830 virtutis
520 780 626 847 proeli0²
639 797 668 830 su
690 778 813 829 ersedere
829 779 938 845 statuit,

98 847 161 898 tidie
175 857 265 899 tamen
284 848 453 916 equestribus
466 849 579 916 proeliis,
594 848 658 915 qnid
671 797 754 899 iiostis
767 848 864 900 virtute
880 864 949 916 posst

98 917 160 984 quid
180 918 258 968 nostri
279 917 415 985 auderent,
436 917 642 985 periclitabatur.
685 917 737 969 Ubi
757 925 859 968 nostros
882 934 934 968 non

97 985 234 1037 inferiores
254 986 389 1055 intellexit,
411 987 467 1038 loco
487 1003 532 1055 pro
553 987 645 1039 castris
668 987 702 1037 ad
723 986 811 1037 aciem
836 987 949 1038 instruet

97 1065 190 1107 natura
210 1065 355 1123 opportuno
378 1065 459 1124 atque
484 1055 596 1124 idoneo,⁸
616 1055 685 1124 quod
711 1055 734 1106 is
757 1055 840 1122 collis,
862 1055 908 1107 nbi
933 1072 947 1106 c

97 1125 183 1203 posita
200 1133 282 1193 erant,
304 1125 444 1193 paululum
464 1142 498 1177 ex
519 1125 627 1193 planitie
651 1125 739 1176 editus
757 1133 862 1177 tantum
881 1124 949 1177 adve

97 1211 123 1246 tn
137 1193 308 1246 latitudinem
326 1194 441 1263 patebat,
473 1206 584 1246 uantum
599 1194 649 1246 loci
661 1193 734 1245 acies
746 1195 875 1246 instructa
887 1211 949 1245 ocor

97 1271 206 1332 poterat,
219 1272 300 1331 atque
319 1281 352 1315 ex
365 1272 475 1332 utraque
488 1273 562 1332 parte
575 1263 666 1316 lateris
683 1262 805 1332 dejectus
822 1262 941 1316 habebar

97 1333 181 1385 fronte
207 1332 301 1383 leniter
321 1332 459 1400 fastigatus
482 1333 609 1401 paulatim
633 1333 667 1385 ad
689 1331 826 1401 planitiem
852 1332 949 1385 redibat

96 1411 208 1470 utroque
221 1402 304 1453 latete
324 1401 382 1471 ejus
397 1401 471 1453 collis
484 1410 660 1455 transversam
674 1402 774 1454 fossam
791 1401 902 1455 obduxit
916 1403 949 1454 cir

96 1488 227 1540 passuum
239 1471 500 1539 quadringentorum⁶
512 1482 537 1523 et
548 1473 581 1524 ad
591 1482 726 1524 extremas
737 1470 823 1523 fossas
835 1471 949 1524 castella

97 1541 180 1592 stituit
193 1541 282 1608 ibique
296 1541 437 1592 tormenta⁰
449 1540 594 1610 collocavit,
609 1558 650 1610 ne,
665 1559 728 1594 cum
740 1541 828 1592 aciem
841 1543 946 1594 instruat

96 1610 195 1679 hostes,
216 1608 286 1678 quod
309 1618 412 1661 tantum
431 1610 605 1663 multitudine
624 1620 752 1679 poteraut,
771 1627 787 1661 a
806 1611 937 1663 lateribus

97 1689 192 1733 nantes
205 1695 267 1730 suos
279 1679 472 1731 circumvenire
485 1690 602 1748 possent.
638 1681 695 1732 Hoc
708 1680 777 1731 lacto
791 1679 898 1733 duabus
911 1681 949 1748 leg

96 1750 154 1817 bus,
169 1766 235 1818 quas
247 1750 366 1817 proxime
385 1749 585 1817 conscripserat,
600 1749 626 1800 in
645 1750 738 1800 castris
757 1749 863 1818 relictis,
879 1760 915 1818 ut,
930 1751 949 1802 si

96 1835 163 1888 opus
183 1827 261 1885 esset,
282 1818 398 1870 subsidio
418 1818 480 1870 duci
499 1828 614 1886 possent,
634 1819 749 1887 reliquas
768 1835 815 1871 sex
836 1818 949 1886 legioner

96 1889 191 1940 castris
203 1888 228 1938 irt
241 1888 300 1938 acie
318 1888 461 1940 constituit.
497 1889 595 1940 Hostes
608 1889 674 1940 item
686 1905 748 1940 suas
765 1888 858 1957 copias
876 1905 911 1942 ex
930 1907 949 1942 a

97 1957 209 2009 eductas
222 1957 406 2008 instruxerant.

133 2031 158 2078 9.
186 2026 265 2078 Palus
289 2034 346 2078 erat
370 2042 420 2077 non
444 2042 543 2094 magna
563 2026 632 2077 inter
655 2035 880 2095 nostrum'atque
906 2028 949 2080 hot

97 2097 255 2149 exereitum.
296 2097 373 2146 Hanc
392 2095 413 2146 si
434 2096 514 2147 nostri
534 2096 682 2164 transirent,
702 2095 793 2147 hostes
812 2097 949 2164 exspecta]

96 2165 177 2218 nostri
191 2176 290 2232 atatem,
305 2165 326 2216 si
339 2164 373 2216 ab
391 2164 444 2216 illis
457 2164 561 2217 initium
574 2165 725 2217 transeundi
739 2165 822 2233 fieret,
836 2179 866 2217 ut
880 2167 949 2236 impe

96 2235 312 2302 aggrederentur,
322 2234 406 2302 parati
418 2235 444 2285 in
458 2235 539 2285 armis
552 2243 634 2285 erant.
671 2235 781 2289 Interim
790 2235 891 2303 proelio
905 2253 949 2305 eqt

97 2304 166 2357 inter
174 2303 241 2355 duas
253 2303 326 2356 acies
338 2303 554 2357 contendebatur.
591 2303 643 2357 Ubi
654 2303 739 2357 neutri
753 2305 909 2358 transeundi
917 2306 949 2358 ini

126 2487 181 2537 ¹Aa
192 2486 249 2534 here
266 2487 374 2546 signifies
387 2492 424 2534 ‘at
436 2487 477 2534 tha
489 2487 597 2537 distance
616 2487 659 2542 ol,'
672 2487 714 2534 the
731 2487 799 2546 point
808 2489 876 2548 from
887 2488 949 2536 whic

96 2546 205 2594 distance
223 2546 243 2593 is
259 2546 381 2593 rechoned
398 2546 470 2606 being
486 2547 618 2606 expressed
635 2546 722 2606 hythe
739 2545 850 2594 distance
866 2547 942 2595 itself.

96 2605 166 2663 chap.
179 2608 216 2661 30,
230 2605 261 2652 iv.
273 2609 311 2660 22,
324 2621 347 2653 v.
360 2609 397 2661 32,
411 2606 442 2652 vi.
455 2610 477 2654 7.

126 2676 240 2724 'Proelia
251 2677 270 2724 is
283 2677 324 2725 the
336 2677 449 2733 ablativa,
460 2682 613 2740 supersedere
623 2679 696 2739 being
707 2677 847 2737 equivalent
858 2688 884 2727 to
896 2681 947 2728 abst

125 2749 203 2798 ³Loco
218 2760 348 2812 opportuno
364 2759 434 2810 atque
449 2753 531 2798 moneo
547 2752 568 2799 is
585 2767 615 2799 an
634 2751 739 2799 ablativa
758 2750 879 2808 absolute,
899 2751 935 2800 lor

96 2810 160 2858 locus
172 2820 317 2872 opportunus
328 2819 398 2870 atque
409 2811 508 2858 idoneus
520 2820 587 2858 esset.
620 2811 667 2858 See
679 2812 710 2858 iv.
723 2811 738 2857 l.
750 2813 787 2858 24.

125 2881 268 2930 ⁴Adaersus
280 2883 336 2929 here
348 2883 369 2930 is
381 2898 411 2930 an
422 2883 540 2942 adjective
552 2884 624 2931 helon
643 2884 685 2944 ing
696 2893 721 2931 to
731 2885 807 2939 collis,
818 2882 912 2943 though
924 2883 949 2931 in

96 2940 133 3001 ity
143 2941 162 2989 it
174 2942 265 2999 applies
276 2941 333 3009 only
344 2951 370 2988 to
382 2957 396 2988 a
407 2952 458 2999 part
467 2942 498 3005 of
505 2942 539 3000 it;
557 2901 663 3002 nameiy,
677 2943 729 2990 that
741 2953 794 3002 part
805 2943 887 2990 which
898 2941 949 2990 face

97 3015 194 3059 enemy.
227 3000 274 3047 See
285 3016 300 3047 t.
312 3005 350 3057 22,
364 3010 421 3047 note
432 3004 454 3048 3.

125 3075 136 3101 ⁸
146 3073 169 3120 N
174 3073 262 3132 amely‚
276 3075 303 3120 in
314 3075 494 3135 longitudines,
508 3089 535 3121 or
546 3074 571 3121 in
581 3074 673 3135 length.

126 3145 201 3193 ‘The
213 3156 336 3201 tormenta,
350 3147 375 3193 in
386 3147 480 3194 ancient
490 3146 599 3204 warfare,
611 3164 668 3209 may
676 3150 706 3195 ba
716 3147 846 3207 compared
854 3155 879 3194 to
887 3141 949 3194 ourl

98 3205 215 3264 artillery,
229 3206 265 3253 for
281 3205 339 3264 they
351 3205 473 3252 consisted
489 3205 517 3252 os
529 3207 630 3266 anginas
647 3209 680 3266 by
691 3206 772 3255 which
789 3207 855 3267 large
870 3215 949 3253 stone!

99 3263 208 3313 showers
219 3263 247 3311 ol
254 3279 344 3312 arrows
356 3278 420 3311 were
431 3264 528 3313 thrown
539 3267 633 3326 against
645 3282 676 3314 an
686 3282 783 3327 enemy.
