2250 3736
98 96 154 158 150
401 119 442 158 na
463 118 561 157 saeuo
580 117 716 159 asuurco.

95 227 245 297 suspicatus
263 226 405 296 Labienus,
422 234 450 279 ut
469 243 564 280 ornnes
582 227 647 279 citra
664 228 767 280 flumen
785 227 907 300 eliceret,
927 229 1024 285 eadem
1099 245 1115 266 ·

97 310 160 350 usus
173 296 340 349 simulatione
354 297 462 364 itineris,
476 296 590 366 placide¹
602 297 827 365 progrediebatur.
854 299 936 368 Turn,
950 317 1024 370 praa·
1041 321 1109 341 σ-

95 367 187 419 missis
207 366 327 434 paullum
346 366 547 435 impedimentis
564 376 646 434 atque
665 366 692 418 in
712 367 816 418 tumulo
834 368 955 436 quodam
973 371 1122 422 col-⁶·-

94 435 195 505 locatis,
217 437 336 504 Habetis,
362 437 453 504 inquit,
479 436 587 504 milites,
612 453 694 504 quarn
717 437 822 505 petistis
844 437 1024 495 facultatem:
1047 451 1088 490 z

94 504 198 558 hostem
212 506 340 574 impedito
352 514 433 574 atque
447 506 535 574 iniquo
549 505 606 557 loco
620 507 730 558 tenetis:
746 515 881 574 praestate
896 510 1026 564 eamdem
1075 527 1104 549 ·

94 574 171 628 n'obis
183 576 297 629 ducibus
309 577 443 644 virtutem,
457 592 540 644 quarn
559 591 754 644 saepenumero
766 577 922 644 imperatori
935 597 1093 648 praes-
1117 609 1124 612 ·

93 645 199 698 titistis:
217 645 314 698 adesse
327 663 391 698 eum
404 654 429 697 et
444 646 511 698 haec
524 662 614 697 coram
626 647 912 700 cernere‘existimate.
939 644 1083 704 simulI

94 715 170 783 signa
190 715 223 768 ad
246 716 350 767 hostem
370 714 489 766 converti
512 731 656 783 acremque
676 714 754 784 dirigi
772 713 857 785 jubet,
880 726 908 769 et
928 721 1102 787 paucine

93 787 189 838 turmis
209 785 340 854 praesidio
360 785 394 836 ad
416 783 610 852 impedimenta
630 784 755 854 dimissis,
777 784 896 854 reliquos
916 790 1122 856 equites&-

92 855 127 907 ad
146 854 230 907 latera
249 855 372 923 disponit.
409 854 536 907 Celeriter
556 855 636 907 nostri
657 855 773 907 clamore
794 854 901 908 sublato
919 859 978 926 pila
998 860 1025 914 iu

92 924 185 977 hostes
209 926 365 977 immittunt.
402 924 443 976 llli
467 923 512 976 ubi
532 935 638 993 praeter
657 941 742 993 spem,
761 941 829 992 quos
847 925 945 993 fugere
968 946 1094 982 ore-⁴·
1110 950 1125 954 ’

92 993 200 1064 debant,
215 994 319 1046 infestis
331 994 413 1061 signis
425 993 459 1046 ad
473 1011 502 1045 se
515 994 553 1045 ire
563 993 686 1046 viderunt
706 994 838 1063 impetum
850 997 1025 1052 modo²ferre
1060 1011 1103 1036 ⁵

92 1079 144 1116 non
165 1073 313 1132 potuerunt,
334 1081 366 1115 ac
384 1066 469 1132 primo
488 1080 617 1116 concursu
636 1064 663 1116 in
681 1033 775 1131 lugam
791 1063 918 1134 conjecti,
935 1069 1025 1136 proxi·
1041 1088 1103 1107 ν

92 1149 152 1186 mas
170 1134 251 1186 silvas
268 1134 433 1201 petiverunt:
455 1150 522 1202 quos
540 1132 676 1185 Labienus
697 1133 819 1202 equitatu
837 1148 1023 1209 consectatus,
1054 1168 1102 1199 g
1122 1152 1125 1153 ’

91 1219 189 1271 magno
213 1219 324 1255 numero
348 1202 495 1272 interfecte,
517 1203 699 1272 compluribus
722 1203 814 1271 captis,
840 1207 939 1272 paucis
963 1218 1025 1277 post
1042 1207 1113 1257 Ξ

91 1271 188 1324 diebus
209 1273 355 1324 civitatem’
375 1273 489 1341 recepit:
508 1289 572 1325 nam
593 1272 727 1342 Germani,
749 1272 795 1341 qui
815 1275 917 1326 auxilio
930 1279 1024 1330 venie·

90 1339 163 1410 bant,
185 1350 311 1410 percepta
331 1342 500 1394 Trevirorum
526 1342 597 1412 fuga,
620 1359 680 1394 sese
704 1342 817 1394 domum
838 1345 1024 1401 coutulerunt.
1056 1372 1124 1393 a

90 1411 160 1464 Cum
180 1412 213 1463 iis
233 1411 373 1480 propinqui
392 1411 573 1481 Indutiomari,
593 1411 640 1479 qui
658 1411 818 1464 defectionis
834 1424 965 1469 auctores
984 1417 997 1470 f
1013 1447 1025 1460 ·

90 1489 173 1551 erant,
187 1482 306 1533 comitati
320 1497 373 1549 eos,
387 1497 422 1533 ex
438 1481 546 1539 civitate
565 1498 714 1533 excessere.
751 1482 923 1552 Cingetorigi,
938 1503 1025 1555 quem

88 1549 125 1602 ab
143 1551 217 1602 initio
236 1552 415 1618 permansisse
433 1551 459 1603 in
477 1551 565 1603 officio
578 1550 828 1622 demonstravimus,
841 1554 1025 1625 principatus⁴

88 1627 170 1688 atque
184 1620 328 1688 imperium
341 1629 382 1672 est
395 1619 529 1673 traditum.

125 1693 149 1741 9.
169 1690 266 1741 Caesar
287 1700 427 1758 postquam
449 1706 483 1742 ex
503 1689 640 1758 Menapiis
659 1689 687 1742 in
706 1689 830 1743 Treviros
847 1693 935 1763 venit,
955 1695 1023 1749 dua·

88 1757 139 1810 bus
162 1758 196 1810 de
223 1760 312 1810 causis
337 1760 462 1811 Rhenum
491 1760 601 1811 transire
631 1760 782 1812 constituit:
814 1777 933 1829 quarum
965 1775 1023 1820 erat

87 1827 179 1897 altera,
199 1827 269 1896 quod
288 1828 387 1880 auxilia
407 1838 497 1880 contra
518 1845 547 1880 se
568 1829 686 1881 Treviris
703 1830 849 1898 miserant3
868 1832 966 1905 altera,
987 1853 1022 1888 ns

86 1897 227 1951 Ambiorix
245 1896 279 1949 ad
301 1913 347 1949 eos
369 1909 508 1967 receptum
528 1898 648 1951 haberet.
686 1899 734 1951 His
754 1900 908 1954 constitutis
929 1905 1021 1976 rebus,

123 1967 206 2020 ullum
219 1984 299 2036 supra
311 1984 375 2019 eum
388 1968 485 2035 locum,
499 1984 551 2035 quo
569 1977 631 2019 ante
647 1970 796 2021 exercitum
809 1971 1024 2044 transduxerat‚⁸

86 1983 176 2088 ἔθετε
189 2047 298 2106 pontem
318 2037 439 2089 instituit.
475 2038 546 2090 Nota
558 2045 639 2106 atque
652 2037 772 2091 instituta
784 2039 908 2111 ratiorre,⁰
919 2060 1022 2112 magno

86 2106 203 2159 militum
216 2107 311 2175 studio,
325 2107 418 2175 paucis
436 2106 533 2159 diebus
551 2124 617 2176 opus
635 2107 759 2160 efficitur.
795 2108 888 2162 Firmo
906 2111 937 2164 in
955 2115 1022 2168 Tre·

85 2176 149 2228 viris
167 2176 298 2244 praesidio
316 2176 350 2228 ad
370 2185 478 2245 pontem
499 2177 597 2246 relicto,
611 2194 644 2228 ue
657 2178 718 2246 quis
729 2177 765 2230 ab
777 2178 810 2230 iis
822 2179 914 2233 subito
927 2197 1022 2238 motus

85 2244 203 2313 oriretur,
217 2246 333 2314 reliquas
351 2246 442 2314 copias
460 2246 664 2314 equitatumque
683 2247 839 2300 transducit.
877 2250 952 2320 Ubii,
973 2256 1022 2323 qui

84 2324 148 2366 ante
160 2315 268 2368 obsides
280 2315 410 2368 dederant
422 2324 503 2384 atque
515 2316 543 2368 in
555 2315 719 2369 deditionem
732 2326 869 2386 venerant,
880 2324 1019 2390 purgandi

118 2496 242 2554 ¹Placide‚
259 2497 385 2557 ‘quietly‘
400 2514 426 2546 or
439 2498 586 2559 ‘leisurely’

114 2570 225 2628 ‘Madv
240 2571 293 2618 that
303 2571 332 2626 is,
347 2571 385 2619 ‘in
397 2573 551 2629 ameasure,'
562 2587 590 2621 or
603 2572 676 2634 ‘only
683 2573 756 2634 just‚'
766 2590 794 2623 so
802 2574 856 2624 that
866 2577 886 2625 it
895 2578 918 2627 ia
927 2580 1020 2632 almost

85 2631 225 2689 equivaleut
236 2641 262 2678 to
273 2633 321 2685 oia,
338 2631 478 2690 ‘scarcely'

114 2704 124 2731 ¹
136 2703 261 2752 Civitatem
272 2705 292 2752 is
304 2703 361 2763 only
368 2719 399 2751 un
410 2703 565 2772 explanation
576 2704 604 2752 of
611 2705 652 2753 the
657 2706 793 2812 preceding
801 2723 870 2768 quos,
881 2710 1024 2776 indicating

85 2761 139 2810 that
150 2764 183 2821 by
194 2779 251 2823 quos
264 2764 304 2811 the
316 2763 396 2810 whole
414 2774 477 2810 state
496 2780 516 2810 rs
534 2774 624 2812 meant.
681 2766 712 2813 ho
724 2768 782 2814 verb
798 2769 902 2830 recipere
913 2771 1019 2822 denota

85 2820 127 2868 the
139 2837 254 2882 recovery
266 2839 292 2869 or
303 2822 428 2878 reduction
439 2822 467 2870 of
475 2838 489 2869 a
499 2823 581 2871 nation
592 2823 673 2871 which
685 2824 732 2873 had
743 2824 825 2874 before
837 2829 962 2880 revoltud.

88 2951 93 2962 ι
115 2893 290 2962 ⁴Prinuipatus
303 2896 323 2943 is
335 2895 376 2942 the
393 2895 478 2955 kingly
489 2911 517 2942 or
527 2896 635 2964 princely
646 2897 748 2959 dignity,
761 2898 874 2948 whereas
891 2906 1017 2965 imperiur-tt

86 2966 108 3002 ts
119 2953 160 3000 the
172 2953 279 3013 military
290 2970 372 3012 power
384 2954 518 3002 connected
529 2956 589 3003 with
600 2957 626 3004 it.

115 3026 181 3074 ‘See
194 3027 225 3075 iv.
239 3031 274 3077 17.

88 3100 243 3208 bezffhraitegs,
256 3116 283 3148 as
294 3100 336 3148 the
348 3117 448 3149 manner
459 3101 487 3149 of
497 3101 599 3164 making
610 3119 625 3151 a
635 3104 718 3166 bridge
729 3119 781 3152 was
792 3102 895 3164 lanum
908 3107 957 3158 and
968 3108 1011 3159 had
