2250 3736
129 222 188 283 20⁰
434 244 474 285 nu
496 244 592 283 sunno
612 244 748 283 eunuco.

166 354 208 402 st.
226 351 323 420 Nostri,
337 368 420 430 quum
433 352 551 421 undique
563 361 754 421 premerentur,
768 369 841 405 xuvt.
854 349 1057 405 centurionibus

130 419 244 488 amissis,
255 419 351 488 dejecti
365 431 425 472 sunt
438 421 507 473 loco:
521 421 568 473 sed
579 422 769 474 intolerantius¹
778 421 869 474 Gallos
881 421 1059 490 insequentes

132 488 202 555 legio
214 507 240 541 x.
255 489 374 558 tardavit,
388 507 457 559 quae
471 507 516 559 pro
534 491 654 543 subsidio
672 491 761 559 paullo
778 491 903 559 aequiore
923 490 983 541 locs
996 506 1057 541 con-

132 558 243 610 stiterat.
268 559 342 610 Hanc
356 576 446 611 rursus
457 577 518 613 xm.
531 559 644 628 legionis
656 562 777 611 cohortes
789 560 974 627 exceperunt,²
986 570 1054 627 quat

131 644 165 678 ex
178 629 270 679 castris
284 629 429 681 minoribus
441 630 562 698 eductae,
577 647 641 681 cum
653 630 683 681 T.
697 629 785 681 Sextio
803 629 890 696 legato
909 628 1002 680 locum
1014 645 1059 679 oe·

131 704 224 765 perant
238 697 409 766 superiorem.
446 699 586 767 Legiones,
600 698 646 751 ubi
667 699 782 766 primum
800 697 942 767 planitiem
961 697 1059 764 attige-

131 775 199 834 runt,
214 765 326 819 infestis³
337 776 426 819 contra
439 767 529 820 hostes
541 768 625 834 signis
636 768 816 819 constiterunt.
853 766 1060 832 Vercingetorix

130 834 166 886 ab
187 835 321 888 radicibus
344 836 420 887 collis
440 854 503 888 suos
524 837 591 889 intra
611 837 773 893 munitiones
792 836 906 888 reduxit.
952 836 993 888 Eo
1013 835 1060 888 die

130 903 229 956 milites
241 913 302 957 sunt
314 904 403 973 paullo
415 905 504 957 minus
515 923 576 958 ncc.
590 905 741 958 desiderati.

165 978 207 1025 52.
226 975 334 1027 Postero
358 974 401 1026 die
426 974 531 1044 Caesar,
556 977 682 1027 concione
711 975 848 1041 advocata,
874 973 1060 1026 temeritatem

129 1043 358 1111 cupiditatemque
378 1043 495 1096 militum
516 1043 692 1113 reprehendit,
714 1044 784 1112 quod
805 1043 856 1095 sibi
876 1043 936 1111 ipsi⁴
955 1041 1060 1110 judica·

130 1112 238 1180 vissent,
252 1129 305 1180 quo
324 1113 530 1182 procedendum,
544 1123 590 1165 aut
608 1113 672 1182 quid
691 1113 827 1180 agendum
845 1111 989 1178 videretur,
1010 1128 1056 1163 ne-

134 1193 182 1248 que
207 1181 282 1249 signo
307 1183 462 1251 recipiendi·
481 1182 543 1234 dato
567 1183 754 1252 constitissent,
775 1198 863 1250 neque
887 1181 922 1233 ab
944 1179 1060 1232 tribunis

130 1249 246 1302 militum
270 1251 419 1319 legatisque
444 1252 549 1304 retineri
592 1253 738 1304 otuissent:
765 1251 903 1320 exposi10,⁶
921 1249 988 1318 quid
1010 1250 1060 1300 ini·

128 1319 217 1438 dunas
230 1320 279 1371 loci
293 1330 389 1388 posset,
400 1321 463 1389 quid
477 1322 534 1389 ipse
547 1339 562 1373 a
591 1322 735 1372 Avaricum
748 1321 883 1386 sensisset,
894 1335 988 1387 quum,
1000 1318 1059 1371 sine

149 1404 198 1440 uce
216 1398 243 1440 et
262 1390 318 1441 sine
338 1390 458 1458 equitatu
476 1390 651 1459 deprehensis
669 1388 796 1458 hostibus,
817 1388 983 1456 exploratam
1002 1389 1059 1439 vic-

129 1457 222 1509 toriam
240 1458 393 1527 dimisisset,
407 1476 441 1511 ne
461 1477 574 1527 parvum
592 1458 671 1510 modo
690 1459 883 1510 detrimentum
902 1457 927 1509 in
947 1466 1058 1509 conten·

128 1525 198 1578 tione
218 1536 323 1596 propter
340 1528 509 1596 iniquitatem
532 1528 583 1580 loci
607 1527 751 1580 accideret.
788 1527 893 1585 Quanto
911 1543 993 1595 opere
1013 1543 1058 1577 eo·

127 1611 187 1647 rum
210 1597 294 1649 animi
318 1598 530 1666 magnitudinem
549 1597 731 1667 admiraretur,
750 1613 817 1664 quos
835 1612 887 1648 non
906 1603 1057 1648 castrorum

126 1665 297 1735 munitiones,
318 1683 371 1719 non
392 1667 504 1719 altitudo
526 1669 631 1736 montis,
651 1683 703 1719 non
723 1683 816 1718 murus
836 1665 926 1734 oppidi
951 1665 1057 1716 tardare

162 1735 273 1804 tuisset;
298 1744 370 1788 tanto
391 1753 470 1805 opere
494 1736 631 1788 licentiam
655 1737 886 1803 arrogantiamque
910 1733 1056 1803 reprehen-

144 1821 197 1872 ere,
212 1806 282 1872 quod
295 1805 355 1874 plus
368 1823 398 1858 se
409 1823 494 1874 quam
511 1806 699 1874 imperatorem
711 1805 746 1857 de
760 1803 869 1856 victoria
881 1811 965 1872 atque
978 1803 1057 1857 exitu

126 1888 214 1925 rerum
233 1875 342 1926 sentire⁷
354 1876 551 1927 existimarent:
571 1892 622 1926 nec
642 1875 731 1927 minus
748 1890 777 1926 se
796 1875 823 1925 in
841 1873 928 1925 milite
948 1873 1056 1925 modes·

125 1942 202 1993 tiam⁸
214 1952 240 1995 et
261 1945 458 2016 continentiam,
479 1962 561 2013 quarn
574 1944 699 1996 virtutem
717 1951 799 2012 atque
817 1942 902 1995 animi
920 1942 1053 2010 magnitu-

124 2009 215 2064 dinem
228 2012 389 2066 desiderare.

159 2085 201 2132 53.
221 2082 278 2134 Hac
302 2082 392 2134 habita
415 2082 541 2135 concione
566 2090 592 2134 et
615 2081 648 2133 ad
674 2088 826 2134 extremum
848 2081 966 2132 oratione
991 2097 1054 2133 con·

123 2147 236 2202 firmatis
254 2152 392 2220 militibus,
406 2170 440 2204 ne
452 2152 487 2205 ob
499 2152 569 2204 hanc
587 2168 697 2203 eausam
716 2150 805 2202 animo
824 2157 1052 2219 permoverentur,

123 2234 183 2288 neu,
203 2220 274 2288 quod
292 2221 417 2290 iniquitas
435 2221 486 2273 loci
505 2221 646 2290 attulisset,
665 2220 692 2273 id
705 2219 796 2272 virtuti
814 2218 932 2271 hostiurn
952 2218 1052 2272 tribue·

151 2369 159 2396 ¹
169 2367 355 2427 Intolerantius;
368 2370 419 2418 thet
429 2371 458 2427 is,
473 2371 566 2419 ‘rather
574 2369 757 2429 impetuously,’
768 2371 899 2418 intolerans
908 2369 967 2417 here
976 2371 1049 2434 bein(

121 2442 288 2488 synonymous
300 2430 359 2476 with
372 2431 493 2492 impotens,
510 2435 569 2477 ‘one
581 2431 637 2477 who
648 2439 735 2477 cannot
747 2429 839 2477 control
850 2428 966 2476 himself!

150 2502 291 2564 ’Excipere
305 2508 343 2550 ‘to
354 2502 460 2550 relieve.’

150 2574 269 2636 ³Insestis
288 2577 368 2636 signis
387 2575 408 2622 is
427 2575 514 2623 almost
534 2576 576 2622 the
594 2591 661 2622 seme
680 2591 707 2623 es
725 2576 844 2623 conversis
863 2575 952 2636 signis,
974 2574 1051 2636 'they

120 2635 208 2682 turned
219 2634 313 2695 against
325 2635 366 2680 the
378 2649 475 2694 enemy,
489 2635 536 2682 and
547 2634 617 2682 mede
629 2651 643 2682 a
653 2634 741 2682 stand’
1083 2641 1087 2650 '

148 2707 220 2769 ‘Ipsi
238 2709 258 2755 is
277 2707 318 2755 the
336 2707 493 2764 nominative,
518 2707 591 2767 ‘they
609 2707 759 2755 themselves
780 2706 852 2754 havin
888 2706 964 2774 taken
982 2722 1050 2766 upon

120 2765 271 2836 themselves
288 2777 312 2814 to
325 2766 401 2873 y'pdge
413 2767 478 2814 whst
491 2783 541 2815 was
560 2776 586 2814 to
602 2768 633 2814 be
650 2766 721 2824 done,
735 2766 829 2814 instead
840 2722 870 2813 ol
880 2765 977 2826 leaving
994 2766 1049 2815 that

124 2825 252 2886 Judgment
264 2837 289 2874 to
300 2836 324 2873 ot
344 2825 399 2873 ers!

148 2898 319 2961 ‘Recipiendh
338 2898 426 2958 supply
437 2899 478 2946 srvi
487 2913 515 2946 or
526 2915 558 2946 se.

149 2973 290 3034 ⁰Errposito,
309 2987 339 3019 en
357 2971 462 3019 ablative
480 2972 600 3028 absolute,
617 2970 692 3021 ‘after
707 2970 738 3019 ho
754 2970 801 3018 had
817 2969 963 3029 explained!
997 2969 1048 3020 See

126 3030 219 3090 dumph
233 3031 288 3079 Lat.
301 3032 391 3087 Gran,
405 3031 418 3082 i
430 3033 482 3080 647.

148 3103 230 3152 'Plus
241 3106 339 3160 sentire,
355 3109 394 3150 ‘to
405 3103 467 3151 have
479 3120 493 3152 a
503 3105 584 3152 better
595 3103 686 3164 insight
698 3119 725 3152 or
736 3101 899 3162 knowledge!

148 3175 295 3230 'illodestin¹
310 3177 334 3223 in
345 3176 386 3223 the
403 3193 457 3224 case
469 3177 497 3225 os
509 3193 523 3224 a
533 3177 630 3232 soldier,
644 3176 665 3224 is
679 3176 844 3232 ‘obedience,’
857 3190 884 3222 or
897 3175 953 3223 ‘the
970 3176 1046 3237 keep·

123 3249 161 3294 tng
172 3235 257 3282 within
269 3236 309 3282 the
322 3235 397 3283 limits
408 3236 436 3284 os
448 3235 489 3284 the
501 3237 583 3285 orders
594 3236 668 3301 given
678 3237 711 3296 by
720 3236 761 3285 the
773 3233 946 3284 commender)
970 3234 1042 3286 Com·

122 3307 176 3351 oure
188 3293 260 3354 Livy,
273 3294 375 3342 xxxviii.
387 3297 424 3342 24.
