2250 3736
491 117 583 156 ursan
603 119 655 158 vu.
715 59 719 67 Ι
976 100 1029 157 181

77 214 280 292 dimentaquo
293 223 383 275 suain
398 223 508 276 artiores
526 224 607 277 silvas
615 224 784 294 abdiderunt,
792 225 881 293 copias
899 240 993 278 omnes
1006 225 1032 278 in

79 281 160 342 loeo
174 293 248 345 edito
260 301 341 361 atque
353 303 445 361 aperto
457 294 645 347 instruxerunt.
675 295 734 353 Qua
747 297 921 366 renunciata,
934 295 1032 348 Caesar

12 382 16 389 ·
80 357 231 414 celeriter
243 363 362 414 sarcinas
374 362 494 432 conferri,
508 380 584 415 arma
596 363 716 432 expediri
728 363 814 432 jussit.

135 435 182 483 19.
201 431 282 484 Collis
294 441 359 500 erat,
373 432 467 484 leniter
479 432 515 485 ab
528 433 619 485 infimo
632 433 756 486 acclivis:
775 433 848 486 huno
860 452 895 486 ex
906 433 1032 487 omnibus

80 488 159 549 fere
182 501 303 570 partibus
328 500 405 570 palus
427 501 548 554 difficilis
570 512 652 571 atque
676 503 807 572 impedita
827 503 959 572 cingebat,
980 520 1032 557 non

83 556 183 621 latior
201 569 317 639 pedibus
340 589 366 624 a.
403 571 458 624 Hoc
482 589 512 623 se
536 572 612 640 colle,
634 573 786 641 interruptis
808 573 942 642 pontibus,
963 572 1032 626 Galli

84 629 204 691 fiducia
215 639 267 691 loci
285 640 463 708 continebant,
477 642 689 709 generatimquel
701 641 834 694 distributi
853 643 878 694 in
898 642 1031 711 civitates,

83 709 196 777 omnia
207 709 277 760 vada
288 727 321 761 ao
334 709 426 761 saltus²
437 709 497 779 ejus
509 710 615 778 paludis
628 710 707 762 certis
720 712 848 764 custodiis
865 711 1031 782 obtinebant,

10 810 12 837 ;
86 781 139 822 ⁸10
164 779 254 831 animo
274 779 368 848 parati,
389 788 425 847 ut,
447 782 470 831 si
491 797 551 832 eam
573 779 701 849 paludem
724 780 835 833 Romani
859 798 1032 850 perrumpere

10 852 12 861 '
86 850 270 917 conarentur,
284 848 450 900 haesitantes
462 858 615 918 premerent
633 867 668 902 ex
688 849 745 901 loco
764 851 915 919 superiore:
935 859 972 918 ut,
986 850 1032 919 qui

87 916 330 986 Plopinquitatem
352 918 402 970 loci
420 919 542 988 videret,⁸
553 928 659 987 paratos
679 936 759 987 prope
779 936 866 987 aequo
886 920 985 972 Marte⁴
996 919 1032 972 ad

10 1040 12 1045 ,
87 971 291 1039 dimicandum
303 988 486 1056 existimaret,
504 988 550 1058 qui
568 989 736 1057 iniquitatem
755 989 912 1041 conditionis
930 989 1032 1057 perspi·

10 1062 12 1091 ²
88 1057 186 1124 cerer,
205 1057 277 1108 inani
302 1057 471 1110 simulatione
496 1075 557 1110 sese
575 1066 708 1110 ostentare
727 1067 906 1125 cognosceret.
943 1059 1032 1126 Indig-

89 1125 310 1178 nantesmitites
319 1125 425 1195 Caesar,
436 1127 506 1195 quod
516 1137 689 1197 conspectum
703 1145 782 1179 suum
795 1127 886 1180 hostes
895 1128 963 1180 serre
973 1144 1032 1196 pos·

91 1195 174 1263 sent,
187 1194 287 1247 tantulo
299 1196 385 1264 spatio
403 1195 549 1267 interjecto,
564 1207 591 1249 et
610 1197 716 1265 signum
734 1197 828 1266 proelii
846 1206 1030 1267 exposcentes,

92 1253 207 1332 edocet,
227 1274 327 1333 quanto
351 1265 511 1318 detrimento
535 1274 563 1318 et
586 1277 650 1335 quot
675 1268 789 1319 virorum
814 1267 922 1319 tortium
945 1276 1031 1319 morte

94 1333 217 1401 neeesse
230 1335 264 1386 sit
276 1344 396 1386 constare
409 1336 564 1388 victoriam:
584 1353 650 1404 quos
662 1353 745 1404 quum
765 1337 804 1388 sio
824 1337 913 1389 animo
926 1345 1032 1406 paratos

94 1396 204 1472 theat,
216 1412 246 1456 ut
258 1404 361 1456 nullum
381 1421 427 1473 pro
448 1421 496 1456 sua
509 1405 587 1457 laude
600 1405 749 1474 periculum
762 1415 893 1475 recusent,
907 1423 1031 1458 summae

97 1473 131 1512 ⁸3
148 1467 294 1540 iniquitatis
307 1473 488 1526 condemnare
500 1474 608 1543 debere,
619 1476 669 1526 nisi
682 1491 774 1526 eorum
786 1475 869 1527 vitam
883 1493 931 1528 sua
945 1475 1031 1528 salute

98 1523 204 1593 habear
216 1543 354 1594 cariorem.
384 1544 427 1596 Sic
439 1544 539 1595 milites
550 1545 708 1612 consolatus,
722 1543 818 1596 eodem
831 1544 876 1596 die
890 1545 992 1597 reducit
1004 1547 1032 1599 in

99 1611 208 1679 oastra,
233 1612 396 1681 reliquaque,
417 1631 486 1682 quae
507 1614 542 1666 ad
562 1615 786 1683 oppugnationem
807 1614 896 1683 oppidi
916 1615 1032 1684 pertins-

100 1661 180 1745 bant,
192 1681 375 1734 administrare
389 1683 511 1735 instituit.

139 1747 185 1798 20.
201 1750 409 1821 Vercingetorix,
423 1769 508 1821 quum
525 1751 559 1804 ad
579 1769 640 1804 suos
657 1752 778 1822 redisset,
793 1753 951 1822 proditionis
969 1753 1032 1806 insi-

98 1813 228 1887 mutatus,
248 1822 319 1889 quod
338 1830 424 1872 castra
443 1824 552 1892 propius
569 1823 702 1874 Romanos
719 1823 856 1892 movisset,
877 1823 948 1892 quod
967 1840 1031 1877 curn

97 1885 180 1957 ⁰¹¹1}st
199 1891 317 1958 equitatu
339 1891 515 1960 discessisset,
530 1891 602 1960 quod
624 1892 681 1944 sine
701 1892 814 1961 imperio
834 1902 921 1945 tantas
940 1893 1032 1962 copias

95 1943 261 2028 rellquisset,
285 1959 354 2027 quod
378 1960 437 2029 ejus
457 1962 578 2013 discessu
603 1962 714 2014 Romani
737 1971 811 2014 tanta
834 1963 1031 2031 opportunitate

92 2017 121 2059 ⁶²
159 2027 292 2081 celeritate
314 2029 468 2099 venissent,
494 2048 546 2083 non
571 2030 639 2082 haec
662 2031 751 2083 omnia
773 2032 878 2084 fortuito
900 2042 947 2084 aut
973 2033 1031 2085 sine

88 2089 214 2164 ⁰⁰¹{silio
226 2098 352 2151 accidere
371 2101 487 2168 potuisse
496 2102 514 2169 3⁶
527 2118 638 2168 regnum
658 2101 734 2154 illum
747 2102 850 2154 Galliae
869 2103 951 2153 malle
964 2103 1031 2154 Cae·

86 2157 171 2210 ⁸³¹³ss
190 2185 318 2220 concessu
349 2185 432 2237 quam
452 2171 568 2238 ipsorum
591 2170 690 2222 habere
715 2171 860 2223 beneficio:
886 2172 933 2222 tali
951 2171 1031 2224 modo

80 2225 245 2308 {menemus
263 2238 299 2290 ad
320 2208 389 2290 liaeo
409 2239 558 2308 respondit:
577 2239 647 2307 quod
667 2250 754 2292 castra
772 2241 908 2306 movisset,
928 2240 1032 2293 factum

77 2292 192 2361 H¹⁰l³1a
204 2307 305 2378 pabuli,
319 2309 402 2363 etiarn
414 2309 477 2378 ipsis
489 2308 670 2364 hortantibus:
690 2309 760 2377 quod
779 2311 886 2379 propius
897 2311 1032 2363 Romanos

66 2452 302 2582 ¹0¹lgzgnf⁷⁰²im³
321 2476 374 2524 thet
390 2476 420 2533 is,
436 2477 578 2538 ‘according
594 2486 619 2525 to
635 2477 677 2524 the
693 2477 768 2526 tribes
784 2487 809 2525 to
821 2478 902 2529 which
919 2478 977 2538 they
989 2479 1031 2526 be·

105 2583 121 2612 ²
135 2595 236 2662 Saltus
253 2610 274 2658 is
288 2614 317 2657 ‘a
327 2609 396 2661 thick
408 2611 497 2667 wood,'
510 2611 616 2672 through
632 2611 714 2660 which
729 2610 748 2659 it
763 2612 784 2660 is
800 2611 903 2663 difficult
922 2622 947 2659 to
962 2627 1020 2672 pass

61 2636 214 2741 ἮΓιξθῑῆοτ
225 2685 257 2717 on
269 2685 283 2716 a
293 2670 420 2717 mountain
431 2686 458 2718 or
469 2670 493 2717 in
504 2687 518 2718 a
528 2670 601 2730 plain.

56 2729 318 2861 hclssginlgfflg’
334 2742 378 2790 ‘he
391 2743 447 2794 who
463 2743 551 2791 should
566 2744 632 2802 see;’
651 2744 692 2795 the
709 2743 816 2804 singular
827 2743 884 2792 here
901 2744 945 2796 has
956 2761 971 2795 a
981 2744 1031 2795 col·

55 2847 229 2961 vulfum*
239 2875 280 2922 the
290 2874 338 2934 god
346 2874 374 2921 os
380 2891 438 2930 wor,
450 2875 471 2922 is
480 2874 545 2922 often
555 2875 615 2944 used
624 2885 649 2924 to
659 2875 784 2944 designate
791 2876 989 2946 waritselfi'with
999 2877 1031 2928 its

40 2973 45 2980 .
139 2938 201 2982 0us
211 2934 329 2989 chances;
343 2934 420 2982 hence
429 2951 502 2994 oeth
509 2933 592 2982 Marte
600 2952 630 2991 rs,
641 2936 714 2983 ‘with
723 2934 794 2994 equal
804 2951 902 2984 success
913 2944 946 2992 (nr
953 2937 1029 2992 wart!

98 2977 114 3006 ὁ
135 2996 323 3063 Οονιάεηιφιανε,
340 3011 379 3054 ‘to
391 3007 486 3055 declaro
498 3007 592 3067 guilty)

55 3050 123 3171 1ῃὲ
132 3062 280 3150 Thisond,
297 3078 338 3147 the
350 3079 475 3150 following
492 3079 621 3128 infinitives
638 3080 732 3139 depend
748 3096 814 3141 upon
825 3097 839 3130 s
849 3083 907 3129 verb
919 3082 947 3129 ol
961 3087 1019 3144 ‘say

129 3155 140 3176 v
180 3138 262 3186 which
274 3138 404 3249 llilmphed
416 3155 441 3186 rn
453 3141 616 3188 rrrsr'mulatus.
