2250 3736
469 265 561 303 nisan
581 265 633 303 vrr.
906 315 910 324 Ι
951 247 1011 305 215

86 373 156 445 viisl,
182 373 259 426 milia
284 390 386 438 κως
416 390 509 442 parem
539 389 682 425 numerum
712 373 848 441 Arvernis,
879 372 1012 442 adjunctis

88 443 245 498 Eleutheris
263 443 397 511 Cadurcis,
411 443 529 509 Gabalis‚
543 443 679 509 Velaunis,
693 443 739 509 qui
762 442 812 495 sub
832 443 944 511 imperio
963 445 1012 496 Ar-

89 529 231 565 vernorum
248 530 308 565 esse
327 522 486 565 consuerunt
495 530 502 579 3
521 512 676 580 Senonibus,
691 511 828 580 Sequanis,
842 512 1012 581 Biturigibus,

89 583 220 649 Santonis,
240 583 358 649 Rutenis,
373 582 533 634 Carnutibus
551 582 675 634 duodena
694 581 768 633 milia
777 598 784 648 3
803 581 952 634 Bellovacis
970 601 996 636 x.
1006 598 1013 650 3

89 652 201 705 totidem
214 652 419 719 Lemovicibus3
437 662 531 703 octona
549 650 703 704 Pictonibus
721 659 747 702 et
766 651 879 703 Turonis
898 660 924 703 et
944 652 1014 704 Pari·

90 722 137 774 siis
149 732 176 773 et
189 721 292 773 Helviis
300 738 307 789 3
326 721 519 789 Suessionibus,
529 721 678 789 Ambianis,
692 720 911 790 Mediomatricis,
926 721 1014 774 Petro·

90 792 175 859 coriis,
195 791 311 859 Nerviis,
330 791 451 858 Morinis,
470 790 665 858 Nitiobrigibus
683 789 764 858 quina
782 790 872 859 milia,
891 790 1016 844 Aulercis

91 861 252 912 Cenomanis
270 861 379 912 totidem
389 876 396 928 3
422 860 596 913 Atrebatibus
614 877 653 912 ιν.
663 875 670 927 3
696 858 862 928 Bellocassis,
881 860 1014 930 Lexoviis,

90 931 215 982 Aulercis
239 930 408 982 Eburonibus
432 937 505 980 terna
513 946 521 997 3
550 929 677 982 Rauracis
700 938 727 981 et
751 928 822 980 Boiis
844 946 926 998 m,
958 929 1014 981 uni·

90 1000 176 1052 versis
197 998 357 1068 civitatibus,
378 1016 447 1067 quae
468 999 607 1051 Oceanum
626 998 759 1066 attingunt
778 1015 901 1067 quaeque
922 1015 1014 1051 eorum

90 1069 284 1121 consuetudine
305 1069 458 1121 Armoricae
482 1068 656 1136 appellantur,
678 1067 742 1136 (quo
767 1075 829 1119 sunt
852 1069 879 1119 in
904 1085 1015 1120 numero

91 1137 271 1206 Coriosolites,
296 1137 447 1207 Rhedones,
468 1138 616 1206 Ambibari,
642 1137 755 1204 Caletes,
780 1136 896 1206 Osismii,
918 1138 1013 1189 Lemo·

90 1207 172 1276 vices,
183 1207 287 1275 Veneti,
300 1207 470 1277 Unelli)sex.
508 1209 549 1260 Ex
561 1207 603 1259 his
621 1206 755 1259 Bellovaci
774 1223 853 1258 suum
871 1224 1015 1260 numerum
1078 1208 1084 1218 '

91 1293 142 1329 non
156 1277 331 1346 contulerunt,
345 1277 415 1344 quod
428 1293 457 1328 se
471 1293 519 1328 suo
537 1277 643 1329 nomine
662 1286 742 1344 atque
761 1275 866 1327 arbitrio
885 1293 947 1328 curn
965 1277 1014 1328 Ro-

91 1347 179 1398 marris
201 1346 302 1398 bellurn
327 1354 449 1413 gesturos
471 1345 597 1413 dicerent,
618 1363 706 1415 neque
724 1345 883 1414 cujusquam
903 1346 1014 1414 imperio

91 1416 335 1483 obtemperaturos:
350 1417 438 1483 =rogati
458 1415 601 1468 tamenab
619 1414 748 1484 Commio,
762 1430 807 1483 pro
826 1413 884 1483 ejus
902 1414 1022 1484 hospitio·

91 1484 155 1538 bina
168 1485 241 1537 milia
254 1485 392 1537 miserunt.

127 1559 170 1606 76.
189 1555 276 1624 Hujus
300 1571 380 1622 opera
400 1554 523 1622 Commii,
546 1553 582 1604 ita
603 1560 632 1605 ut
655 1560 735 1605 antea
755 1551 1014 1621 demonstravimus,¹

90 1623 165 1676 fideli
185 1632 266 1691 atque
287 1623 346 1675 utili
366 1623 545 1691 superioribus
568 1622 646 1673 annis
671 1631 726 1673 erat
747 1639 812 1674 usus
831 1622 857 1673 in
880 1621 1015 1674 Britannia

91 1694 206 1745 Caesar:
226 1693 323 1760 quibus
335 1692 379 1744 ille
392 1708 437 1760 pro
450 1692 553 1744 meritis
564 1692 700 1743 civitatem
715 1691 773 1760 ejus
786 1691 935 1743 immunem
953 1707 1014 1743 esse

94 1760 213 1830 usserat,
234 1761 293 1830 jura
313 1762 441 1830 legesque
463 1761 613 1812 reddiderat
633 1769 714 1829 atque
735 1761 784 1828 ipsi
804 1761 924 1813 Morinos
943 1761 1015 1812 attri-

90 1778 195 1884 buerat.
232 1832 318 1883 Tanta
326 1841 416 1883 tamen
430 1832 570 1882 universae
580 1830 682 1882 Galliae
696 1831 833 1881 consensio
847 1829 895 1882 fuit
909 1829 1015 1882 liberta·

92 1901 128 1952 tis
137 1901 312 1952 vindicandae
322 1909 348 1952 et
358 1900 484 1968 pristinae
498 1899 560 1952 belli
574 1899 661 1951 laudis
674 1899 871 1967 recuperandae
889 1907 917 1951 ut
927 1916 1014 1967 neque

91 1969 239 2036 beneficiis,
259 1987 347 2037 neque
361 1969 495 2021 amicitiae
508 1968 639 2021 memoria
656 1977 841 2021 moverentur:
867 1985 1015 2036 omnesque

91 2047 120 2091 et
132 2040 221 2090 animo
234 2047 261 2089 et
273 2039 368 2107 opibus
380 2039 405 2089 in
419 2037 445 2090 id
459 2038 560 2090 bellurn
575 2037 767 2106 incumberent,
782 2037 881 2089 coactis
893 2039 1016 2106 equitum

91 2125 155 2160 vrrr.
174 2107 282 2160 milibus
300 2115 326 2158 et
344 2107 466 2176 peditum
485 2109 589 2158 circiter
608 2123 684 2159 coxa.
721 2107 796 2157 Haec
814 2107 841 2158 in
859 2107 1016 2159 Aeduorum

91 2177 192 2230 finibus
211 2176 418 2229 recensebantur
437 2192 619 2244 numemsque
643 2174 783 2228 inibatur:⁹
802 2175 931 2244 praefecti
954 2193 1014 2228 oon-

92 2245 284 2298 stituebantur:
311 2246 431 2298 Commio
455 2246 584 2314 Atrebati,
609 2244 766 2297 Virdomaro
790 2254 816 2297 et
841 2245 1013 2314 Eporedirigi,

91 2314 204 2382 AeduiS,
230 2315 430 2382 Vergasillauno
454 2317 581 2384 Arvern0,
607 2314 762 2366 consobrino
783 2313 1014 2382 Vercingetorigis,

92 2401 200 2436 summa
223 2385 329 2452 imperii
355 2383 471 2436 traditur.
520 2383 569 2434 His
591 2383 689 2435 delecti
713 2399 746 2433 ex
769 2383 920 2436 civitatibus
942 2383 1015 2434 attri-

91 2453 217 2522 buuntur,
241 2469 356 2522 quorum
378 2452 487 2505 consilio
510 2451 612 2504 bellum
635 2451 881 2504 administraretur.⁸
915 2453 1016 2504 Omnes

91 2521 197 2574 alacres
214 2530 241 2574 et
261 2522 376 2574 fiduciae
395 2520 468 2590 pleni
488 2521 521 2573 ad
542 2521 661 2574 Alesiam
682 2520 898 2589 proficiscuntur:
926 2537 1015 2588 neque

92 2598 149 2644 erat
162 2591 280 2642 omniurn
295 2591 438 2659 quisquam
460 2591 505 2657 qui
517 2591 676 2658 adspectum
695 2589 774 2642 modo
787 2598 876 2641 tantae
896 2590 1015 2642 multitu·

91 2659 163 2712 dinis
175 2659 306 2711 sustinere
319 2676 396 2728 posse
409 2629 595 2727 arbitraretur3
608 2659 765 2727 praesertim
776 2659 886 2728 ancipiti
897 2658 1015 2729 proelio,‘

122 2843 130 2869 ¹
141 2839 260 2899 Compare
271 2840 303 2888 iv.
312 2843 349 2889 21.

121 2913 305 3019 ’Nagnprurque
325 2916 432 2963 inibatur
438 2931 449 2972 ,·
481 2914 587 2974 numely‚
611 2931 706 2962 eorum:
739 2912 816 2961 ‘their
841 2914 943 2960 number
963 2926 1015 2960 was

90 2984 180 3021 counte
200 3008 205 3017 .

121 3044 371 3100 'Adminirrrorercn
384 3044 425 3091 the
437 3044 562 3103 imperfect
573 3043 594 3091 is
604 3043 674 3099 used,
683 3044 787 3091 because
799 3040 840 3088 the
853 3041 948 3102 leading
956 3042 1016 3088 verb

90 3106 259 3152 attribuuntur
270 3103 290 3149 is
302 3118 332 3149 an
343 3103 465 3151 historical
477 3113 584 3162 present,
597 3102 691 3150 instead
702 3101 730 3149 of
742 3117 757 3148 a
767 3100 867 3159 perfect.

121 3177 234 3279 ⁴Aaceps
242 3177 357 3255 proelium
368 3176 388 3223 is
399 3185 441 3222 not
454 3181 482 3223 ‘a
493 3175 603 3223 doubtful
619 3174 715 3230 battle‚’
728 3190 755 3221 as
766 3172 844 3228 usual,
857 3173 901 3220 but
915 3176 922 3198 ‘
930 3186 945 3218 a
954 3179 1011 3239 two·

91 3233 137 3284 sold
153 3237 204 3282 bart
216 3249 238 3288 e,
262 3249 288 3280 as
300 3234 341 3280 the
354 3234 431 3282 Gauls
443 3249 506 3282 were
522 3244 548 3282 to
565 3233 648 3282 attaclr
664 3233 705 3281 the
723 3233 832 3281 Romans
847 3231 907 3280 both
918 3245 943 3277 m
954 3228 1018 3278 thart

91 3294 154 3343 front
167 3293 215 3341 and
226 3292 251 3339 in
262 3292 324 3341 their
335 3307 395 3342 rear.
