2250 3736
125 238 186 296 204
430 253 471 294 nu
493 253 589 292 sesso
611 253 748 293 caturco.

94 367 98 376 '
127 365 217 434 paullo
229 371 291 415 ante
305 357 441 415 Lutetiam
453 362 589 415 dirr‘rmus.l
625 361 806 432 Deprehensis
824 363 941 415 navibus
954 363 1056 416 circiter

128 452 152 488 s.
167 433 344 500 celeriterque
362 431 518 500 conjunctis,
531 442 613 501 atque
626 434 668 484 eo'
679 432 810 485 militibus
822 432 965 501 impositis,
980 443 1007 484 et
1022 451 1059 484 rer

129 503 244 555 novitate
261 503 406 569 perterritis
422 502 568 573 oppidanis,
582 520 693 571 quorum
708 519 807 570 magna
823 519 885 570 pars
901 503 936 553 ad
954 502 1058 555 bellum

128 582 184 624 erat
198 580 316 638 evocata,
331 573 387 623 sine
405 573 573 623 contentione
592 572 688 641 oppido
700 572 804 641 potitur.
840 571 954 624 Refecto
968 583 1059 639 ponte,

128 659 211 711 quem
224 641 403 709 superioribus
415 642 511 694 diebus
523 641 613 694 hostes
627 643 794 708 rescideram,
805 642 956 693 exercitum
971 642 1060 692 tradu-

129 724 172 780 cit,
187 721 213 762 et
227 711 344 763 secundo
358 712 479 763 flumine³
490 712 523 762 ad
543 713 678 763 Lutetiam
691 713 740 763 iter
753 710 841 762 lacere
854 713 953 779 coepit.
992 710 1060 761 Hcs-

129 789 178 843 tes,
195 799 220 832 re
238 783 344 848 cognita
362 781 397 832 ab
416 781 454 849 iis,
468 782 513 849 qui
532 799 548 832 a
565 782 711 833 Meloduno
729 780 906 848 profugerant,
920 780 1061 832 Lutetiam

129 850 234 904 incendi
250 863 397 920 pontesque
410 851 470 919 ejus
481 851 573 919 oppidi
587 853 701 903 rescindi
713 851 822 920 jubent:
844 850 895 918 ipsi
914 849 1029 917 proiecti
1042 867 1059 900 a

129 921 235 991 palude,
250 923 274 972 in
295 921 358 989 ripis
374 920 521 990 Sequanae,
535 938 550 972 e
569 923 675 989 regione
692 921 821 989 Lutetiae,
835 928 925 972 contra
944 918 1061 971 Labieni

129 999 216 1042 castra
229 991 387 1043 considunt.⁴

165 1065 207 1111 59.
226 1061 285 1113 Jam
300 1061 398 1112 Caesar
409 1077 425 1111 a
437 1060 571 1128 Gergovia
582 1059 739 1112 discessisse
757 1057 930 1124 audiebatur,
948 1057 1005 1127 jam
1024 1057 1060 1109 do

131 1130 285 1183 Aeduorum
297 1129 448 1181 delectione
467 1139 493 1180 et
512 1130 629 1182 secundo
642 1130 746 1182 Galliae
765 1132 849 1181 motu⁵
861 1144 981 1180 rumores
993 1125 1060 1178 affe-

131 1200 262 1267 rebantur,
277 1200 401 1268 Gallique
415 1199 439 1250 in
454 1200 599 1268 colloquiis,
613 1199 788 1252 interclusum
808 1199 901 1250 itinere
920 1207 948 1248 et
962 1197 1061 1264 Ligeri⁸

131 1270 282 1336 Caesarem,
302 1271 389 1337 inopia
413 1269 541 1321 frumenti
564 1279 696 1338 coactum,
715 1269 742 1321 in
766 1269 928 1337 provinciam
950 1276 1060 1318 conten·

131 1340 203 1391 disse
222 1340 421 1390 confirmabant.
458 1339 593 1391 Bellovaci
611 1349 711 1402 autem,
731 1339 883 1390 delectione
902 1335 1060 1388 Aeduorum

131 1409 243 1477 cognita,
258 1409 301 1476 qui
319 1418 381 1460 ente
399 1418 474 1460 erant
491 1425 539 1477 per
557 1426 586 1460 se
604 1408 735 1474 infideles,
750 1424 844 1460 manus
863 1423 959 1473 cogere
978 1415 1060 1473 atque

62 1472 69 1485 '
131 1488 223 1548 aperte
236 1477 338 1529 bellurn
350 1494 441 1546 parare
454 1488 607 1546 coeperunt.
644 1479 714 1529 Tum
727 1477 869 1544 Labienus,
884 1484 957 1527 tanta
971 1492 1060 1526 rerum

132 1548 349 1616 commutatione,
376 1548 452 1615 longe
471 1548 542 1599 aliud
564 1547 613 1600 sibi
638 1547 799 1616 capiendum
818 1545 961 1598 consilium
978 1554 1061 1612 atque

133 1629 212 1670 antea
231 1626 358 1685 senserat,
377 1618 558 1684 intelligebat:
584 1634 672 1686 neque
689 1615 754 1686 jam,
774 1626 803 1669 ut
820 1615 919 1683 aliquid
938 1615 1061 1682 acquire·

133 1699 171 1740 ret
187 1687 337 1756 proelioque
351 1688 440 1739 hostes
458 1687 610 1755 lacesseret,
624 1687 670 1738 sed
688 1696 715 1739 ut
732 1687 893 1739 incolumem
911 1686 1060 1736 exercitum

133 1757 303 1824 Agendicum
328 1757 474 1824 reduceret,
493 1757 636 1822 cogitabat.
673 1757 799 1824 Namque
818 1755 902 1806 altera
926 1771 960 1806 ex
986 1762 1062 1822 parte

134 1827 276 1893 Bellovaci,
290 1842 359 1893 quae
378 1827 472 1878 civitas
491 1827 518 1877 in
536 1826 624 1879 Gallia
642 1827 789 1878 maximam
806 1825 887 1876 habet
906 1825 1061 1891 opinionem

133 1897 256 1964 virturis*
275 1896 423 1962 instabant,
448 1897 558 1948 alteram
579 1896 776 1962 Camulogenus
800 1904 891 1963 parato
914 1903 997 1962 atque
1023 1893 1061 1944 in·

134 1976 232 2020 structo
244 1966 363 2017 exercitu
376 1966 499 2018 tenebat:
520 1973 578 2017 tum
596 1965 723 2032 legiones,
738 1983 754 2016 a
774 1963 904 2032 praesidio
917 1974 998 2032 atque
1012 1962 1061 2014 im-

133 2036 296 2106 pedimentis
315 2035 480 2101 interolusas,
500 2035 648 2086 maximum
670 2033 783 2086 flumen⁸
800 2033 954 2085 distinebat.
990 2032 1062 2084 Tan·

134 2108 169 2158 tis
187 2107 274 2157 subito
293 2104 497 2157 difficultatibus
520 2103 640 2174 objectis,
659 2103 695 2156 ab
712 2103 796 2156 animi
814 2104 911 2155 virtute
929 2102 1061 2155 auxilium

133 2176 282 2245 petendum
295 2175 412 2241 videbat.

169 2249 210 2297 60.
230 2245 323 2313 Itaque
342 2244 392 2296 sub
408 2260 549 2312 vesperum
567 2242 675 2295 consilio
692 2250 843 2311 convocato,
857 2240 1019 2309 cohortatus,
1033 2248 1062 2294 ut
1106 2244 1109 2251 '

134 2331 174 2383 ea,
194 2331 263 2382 quae
284 2316 449 2383 imperasset,
470 2313 610 2380 diligenter
627 2312 810 2380 industrieque
834 2311 1062 2380 administrarent,

133 2401 225 2448 naves,
245 2401 311 2451 quas
334 2401 350 2434 a
374 2384 521 2436 Meloduno
545 2382 701 2450 deduxerat,
721 2381 840 2448 singulas
858 2380 994 2450 equitibus
1013 2382 1063 2432 Ro·

134 2454 221 2506 manis
239 2454 365 2519 attribuit,
379 2463 406 2505 et
426 2453 511 2521 prime
529 2451 651 2504 conlecta
667 2451 891 2519 vigilia„quatucr
909 2450 984 2502 milia
1004 2468 1063 2518 pas·

134 2541 211 2575 suurn
231 2523 348 2574 secundo
367 2523 476 2574 flumine
494 2521 597 2574 silentio
614 2521 734 2589 progredi
754 2520 844 2588 ibique
862 2537 892 2572 se
911 2520 1064 2588 exspectari

134 2592 217 2664 jubet.
242 2592 364 2660 Quinque
378 2592 508 2661 cohortes,
521 2609 588 2661 quas
600 2591 713 2643 minime
725 2591 817 2642 firmas
828 2589 862 2641 ad
876 2589 1064 2642 dimicandum

164 2723 171 2750 ¹
183 2721 276 2780 Supply
285 2723 387 2782 positam
399 2737 455 2768 csse.

163 2781 219 2828 'Eo
227 2799 237 2837 ,·
256 2782 307 2828 that
320 2781 349 2835 is,
363 2782 413 2836 iis;
432 2779 530 2838 namely
541 2780 650 2826 oucibus.
684 2777 805 2836 Compare
815 2793 838 2824 v.
853 2779 889 2833 14,
903 2785 961 2824 note
974 2780 995 2825 1.

164 2840 402 2912 'demodojlamiae
419 2839 506 2887 ‘down
517 2838 558 2885 the
575 2838 657 2894 river,’
670 2840 788 2885 amundus
804 2836 879 2897 being
889 2835 990 2886 derived
1001 2836 1064 2888 from

135 2917 329 3014 'eludonsidooa
346 2958 419 3017 ‘they
430 2957 522 3012 settle,’
535 2971 562 3003 or
575 2955 655 3014 ‘pitch
667 2954 730 3001 their
740 2955 828 3012 camp!

165 3025 174 3052 ⁸
184 3022 307 3067 Secundus
318 3027 403 3072 motos,
420 3023 425 3043 ‘
436 3033 450 3064 a
461 3015 596 3064 successful
608 3014 765 3062 movement.’

165 3080 273 3126 ‘Itinere
283 3088 304 3126 et
316 3078 402 3139 Ligeri
408 3093 419 3133 ;
438 3076 489 3123 that
507 3076 536 3132 is,
558 3076 665 3122 transitu
676 3073 782 3135 Ligeris,
798 3071 875 3120 ‘from
892 3073 1005 3135 crossing
1022 3073 1064 3122 the

138 3138 227 3199 Liger!

166 3203 173 3228 ²
186 3199 232 3244 See
244 3197 268 3242 ii.
280 3199 302 3242 4.

167 3258 176 3284 ⁸
187 3255 303 3314 hemely,
317 3254 358 3300 the
371 3254 492 3312 Sequana,
507 3252 587 3300 which
598 3261 623 3299 st
633 3251 686 3299 that
696 3250 756 3299 time
767 3265 818 3298 was
830 3249 905 3299 much
915 3250 1023 3300 swellen
1033 3254 1063 3313 by

135 3316 178 3365 the
186 3315 293 3374 melting
305 3312 333 3362 ol
341 3313 381 3360 the
393 3328 471 3361 snow.
