2250 3736
484 226 576 265 ninus
596 227 647 267 vir.
970 209 1031 268 209

107 334 201 388 castris
219 332 372 386 habiturum
396 341 423 385 et
441 334 531 386 terrori
553 334 676 387 hostibus
693 333 821 387 futurum.
858 335 1032 391 Conclamant

106 405 219 473 equites,
234 403 401 455 sanctissimo
419 403 590 472 jurejurando
603 405 753 457 confirmari
767 423 781 455 ο
801 413 894 474 ortere,
909 423 943 457 ne
963 414 1032 457 tecto

106 474 256 543 recipiatur,
267 490 300 524 ne
313 472 347 522 ad
361 472 465 541 liberos,
475 490 509 524 ne
521 473 555 524 ad
569 483 700 542 parentes,
712 492 745 527 na
758 423 800 526 etl
806 491 916 527 uxorem
928 475 1033 528 aditum

106 543 212 609 habeat,
228 543 273 610 qui
285 558 337 593 non
351 542 392 593 bis
404 555 451 610 per
463 559 561 609 agmen
582 544 699 596 hostium
711 544 892 612 perequitant.

142 617 184 665 67.
206 612 319 665 Probata
332 628 359 662 re
372 620 452 679 atque
465 612 590 664 omnibus
602 612 637 664 ad
648 612 835 682 jusjurandum
848 613 958 683 adactis,
972 629 1032 682 pos·

107 690 163 735 tero
183 681 227 733 die
246 682 272 732 in
292 688 347 732 tres
364 690 454 750 partes
473 681 612 733 distributo
632 685 760 752 equitatu,
774 682 844 735 duae
858 700 887 735 se
905 685 980 735 acies
996 682 1034 737 ab

107 751 213 804 duobus
226 749 354 802 lateribus
365 750 524 803 ostendunt:
544 769 597 802 una
615 769 632 802 a
649 752 734 820 primo
752 752 861 820 agmine
879 761 930 804 tter
948 753 1033 820 impe·

106 820 163 872 dire
184 821 280 888 coepit.
317 819 375 877 Qua
396 837 423 872 re
444 820 576 889 nunciata,
592 821 690 873 Caesar
707 839 785 874 suurn
805 837 911 891 quoque
930 823 1034 890 equita·

108 898 174 957 turn,
196 890 325 958 tripartito
343 890 468 959 divisum,
488 899 579 942 contra
597 890 702 943 hostem
720 891 759 942 ire
776 889 862 959 jubet.
898 891 1034 959 Pugnatur

106 961 169 1011 una¹
193 969 257 1011 tunc
280 959 405 1010 omnibus
429 959 607 1027 inpartibus:
635 960 755 1013 consistit
778 977 892 1028 agmen:
919 961 1034 1029 impedi-

108 1037 201 1080 menta
219 1028 287 1079 inter
300 1027 418 1094 legiones
436 1029 607 1097 recipiuntur.
643 1029 670 1082 Si
687 1047 742 1099 qua
759 1029 785 1081 in
804 1040 879 1099 parte
898 1031 979 1082 nostri
997 1029 1034 1082 la·

108 1098 200 1151 borarc
219 1106 265 1148 aut
282 1097 390 1164 gravius
409 1099 493 1166 premi
512 1098 680 1169 videbantur,
694 1117 726 1151 eo
739 1100 816 1167 signa
833 1099 923 1152 inlerri
936 1100 1034 1152 Caesar

107 1167 250 1235 aciemque
268 1167 386 1218 converti
404 1167 531 1235 jubebat:
550 1184 622 1236 quae
641 1186 683 1221 res
695 1178 722 1221 et
741 1168 832 1220 hostes
843 1169 878 1222 ad
892 1170 1034 1238 insequen-

108 1237 173 1288 dum
202 1235 330 1304 tardabat,
352 1245 379 1287 et
397 1247 498 1289 nostros
516 1254 563 1305 spa
582 1238 673 1290 auxilii
691 1239 874 1291 confirmabat.
911 1238 1034 1292 Tandem

108 1306 237 1358 Germani
250 1306 285 1357 ab
297 1305 389 1356 dextro
403 1305 493 1375 latere,
508 1323 646 1359 summum
663 1307 758 1377 jugum
771 1309 849 1377 nacti,
864 1309 956 1360 hostes
975 1308 1033 1360 loco

108 1375 263 1444 depellun13
282 1374 416 1441 fugientes
426 1392 512 1444 usque
524 1376 558 1427 ad
571 1376 693 1447 flumen,q
704 1378 750 1430 ubi
760 1376 962 1445 Vercingetorix
971 1395 1036 1432 oum

108 1444 280 1514 pedestribus
292 1445 374 1512 copiis
386 1445 550 1513 consederat,
564 1457 761 1516 persequuntur
773 1448 977 1516 compluresque
996 1449 1035 1500 in·

109 1515 253 1567 terticiunt.
290 1512 349 1570 Qua
362 1531 389 1565 re
401 1514 596 1583 animadversa,
611 1517 705 1585 reliqui
727 1534 761 1568 ne
780 1517 1035 1570 circumvenirentur

108 1584 195 1650 veriti,
221 1600 251 1633 se
277 1582 357 1650 fugae
378 1585 516 1636 mandant.
552 1585 684 1638 Omnibus
704 1556 770 1638 locis
790 1586 819 1638 fit
838 1587 952 1639 caedes:
981 1597 1036 1639 tres

108 1652 267 1706 nobilissimi
293 1652 382 1704 Aedui
406 1654 476 1722 capti
497 1653 531 1705 ad
550 1654 695 1707 Caesarem
713 1654 909 1723 perducuntur:
936 1657 1036 1725 Cotus‚⁸

109 1722 263 1792 praelectus
288 1722 418 1790 equiturn,
443 1723 489 1790 qui
515 1724 721 1776 controversiam
747 1740 809 1777 oum
828 1725 1036 1779 Convictolitane

109 1792 236 1861 proximis
259 1791 375 1842 comitiis
400 1791 545 1860 habuerat,
571 1801 598 1844 et
618 1793 775 1863 Cauarillus,
795 1795 842 1862 qui
868 1805 927 1918 ppst
946 1795 1036 1848 desec-

109 1862 210 1913 tionem
225 1860 337 1911 Litavioi
354 1860 523 1929 pedestribus
541 1862 625 1930 copiis
644 1863 812 1932 praefuerat5
831 1872 857 1916 et
894 1865 1034 1936 poredirix,

109 1948 162 1999 quo
175 1930 244 1982 duce
258 1938 320 1981 ante
338 1929 485 1982 adventum
498 1931 621 1984 Caesaris
638 1933 727 1986 Aedui
740 1950 803 1986 cum
816 1933 946 2003 Sequanis
965 1935 1036 1987 bello

109 1999 311 2052 contenderant.

145 2074 188 2121 68.
209 2069 311 2135 Fugato
332 2068 405 2120 omni
425 2069 554 2138 equitatu,
575 2071 777 2139 Vercingetorix
796 2072 887 2140 copias
905 2091 975 2143 suas,
999 2072 1037 2126 ut⁴

109 2155 156 2206 pro
175 2138 269 2189 castris
281 2137 465 2206 collocaverat,
480 2139 600 2208 reduxit3
619 2144 793 2211 protinusque
811 2141 953 2212 Alesiam,⁶
964 2143 1037 2211 quod

110 2217 150 2259 est
171 2208 299 2275 oppidum
318 2207 535 2276 Mandubiorum,
555 2209 605 2260 iter
621 2209 711 2261 facere
731 2211 833 2279 eoepit;
861 2212 1038 2282 celeriterque

110 2277 306 2345 impedimenta
319 2293 353 2327 ex
366 2277 461 2328 castris
479 2276 558 2329 educi
571 2286 598 2329 et
617 2295 647 2330 se
666 2279 794 2349 subsequi
811 2279 898 2349 jussit.
929 2284 1036 2352 Caesar,

110 2345 313 2414 impedimentis
333 2346 360 2397 in
381 2346 532 2414 proximum
556 2346 655 2399 collem
672 2348 803 2418 deductis,
824 2349 982 2420 duabusque
1000 2352 1038 2404 le-

110 2414 236 2482 gionibus
254 2415 384 2483 praesidio
404 2415 511 2482 relictis,
527 2426 645 2485 secutus,
659 2426 790 2485 quantum
802 2418 857 2470 diei
878 2428 985 2489 tempus
997 2429 1038 2474 est

110 2501 228 2554 passum,
242 2484 349 2535 circiter
362 2483 446 2536 tribus
463 2485 573 2537 milibus
585 2485 703 2538 hostium
715 2503 750 2540 ex
767 2488 912 2541 novissimo
929 2491 1038 2560 agmins

141 2641 149 2668 ¹
163 2640 227 2696 ttae,
242 2649 281 2686 ‘at
293 2655 339 2686 one
350 2639 397 2687 and
409 2640 450 2687 tho
462 2655 530 2688 same
541 2640 620 2688 timo!

140 2714 150 2741 ¹
160 2712 222 2759 This
234 2712 297 2759 river
308 2713 328 2759 is
341 2712 381 2759 the
394 2713 459 2760 Arar
470 2713 580 2769 (Saone).

141 2785 311 2845 ⁸Respecting
328 2785 406 2833 Cotus
422 2786 469 2833 and
487 2786 699 2844 Convictolitanis‚
718 2805 760 2837 see
774 2789 815 2837 vii.
830 2792 868 2846 33,
881 2792 926 2849 393
945 2790 1040 2853 though

112 2844 153 2890 the
168 2842 310 2901 Eporedirix
318 2843 375 2890 here
385 2845 523 2892 mentioned
530 2856 617 2892 cannot
626 2849 656 2894 bc
669 2847 709 2895 the
721 2865 789 2896 same
801 2849 880 2896 astho
893 2865 939 2897 one
950 2851 1006 2899 who
1018 2852 1040 2900 is

112 2903 207 3008 pplqlren
218 2902 245 2948 os
253 2903 278 2950 in
288 2903 328 2949 vii.
341 2905 384 2949 54:
398 2903 429 2950 he
438 2918 495 2962 may
504 2903 566 2952 have
577 2907 640 2954 been
651 2906 689 2954 his
700 2907 786 2964 father,
796 2923 823 2955 or
831 2924 893 2956 even
904 2908 943 2956 his
951 2910 1038 2970 grand·

122 2978 136 3008 a
155 2977 197 3008 rer.

142 3036 151 3062 ⁴
165 3034 206 3088 tu,
223 3033 281 3088 ‘as,’
296 3049 323 3080 or
336 3033 375 3080 ‘in
391 3033 433 3080 the
450 3049 518 3081 same
535 3037 644 3086 manner’
663 3054 690 3086 or
709 3038 792 3086 ‘order
809 3039 834 3086 in
844 3039 926 3088 which
944 3040 975 3089 he
991 3041 1040 3091 had

112 3091 196 3139 drawn
208 3092 276 3140 them
288 3092 338 3150 up,’
353 3092 401 3139 dcc.

143 3166 254 3220 'Alesia
269 3182 283 3212 a
299 3176 366 3213 town
383 3165 488 3214 situated
506 3182 537 3213 on
555 3183 569 3214 a
586 3169 752 3218 considerable
769 3171 903 3228 ammoneo,
924 3173 970 3221 und
987 3188 1039 3222 sur·

116 3225 221 3272 ronndod
233 3241 264 3270 on
277 3235 326 3271 two
336 3225 402 3272 sides
414 3226 446 3284 by
457 3225 542 3283 rivers,
555 3227 576 3274 is
587 3227 628 3275 the
640 3228 742 3277 modern
751 3230 831 3279 Aliso.
865 3230 987 3292 Compare
998 3233 1032 3283 vii

116 3286 153 3340 tc,
166 3284 266 3390 anqstlpc
278 3283 335 3343 plan
346 3284 414 3332 there
425 3283 506 3344 given.
609 3358 622 3394 Ι
