2250 3736
201 99 240 160 78
503 122 544 162 on
565 120 662 162 annac
682 119 819 162 eunuco.

199 244 233 280 ex
246 245 334 297 pugna
346 228 502 298 excedendi,
516 228 564 282 sed
582 245 617 281 ne
633 228 724 280 sancio
737 228 847 296 quidem
859 227 920 299 ejus
931 227 989 298 loci,
1001 225 1049 282 ubi
1058 237 1082 278 c‘

198 297 309 367 stiterunt,
324 299 490 368 relinquendi
501 316 534 352 ac
547 298 587 351 sui
601 297 745 366 recipiendi
760 297 875 351 facultas
887 298 1007 351 dabatur.
1058 330 1059 334 =

233 371 258 418 5.
277 369 344 420 Cum
362 367 418 437 jam
436 369 554 438 amplius
571 367 642 419 horis
660 384 707 419 sex
725 369 892 420 continenter
908 376 1066 436 pugnaretur,

197 452 249 488 non
262 437 348 490 solnm
362 440 438 507 vires,
452 439 500 490 sed
513 439 595 489 etiam
607 436 660 489 tela
672 438 768 489 nostris
776 437 930 505 deficerent,
940 446 1020 506 atque
1029 437 1093 489 hos(

197 506 286 558 acrius
304 508 431 560 instarent
450 507 712 576 languidioribusque
731 508 833 559 nostris¹
845 507 947 560 vallum
959 507 1071 559 scindere

197 573 283 628 fossas
300 578 435 647 complere
453 578 611 646 coepissent,
632 593 727 644 resque
745 585 818 628 esset
837 575 893 646 jam
913 577 948 629 ad
969 585 1081 630 extremo

196 646 325 714 perducta
349 649 461 717 casum‚²
484 646 596 699 Publius
620 645 725 698 Sextius
749 645 972 715 Baculusprimi
991 646 1037 715 pili
1054 661 1081 696 cc

196 715 272 784 turio,
310 734 374 769 uem
394 717 509 769 Nervico
533 715 633 784 proelio
653 714 835 784 compluribus
854 715 1008 769 confectum
1026 713 1125 767 vulo

196 783 269 838 ribus
290 734 426 856 ἒίιιίιιιιιε,ι
445 795 472 838 et
492 785 556 838 item
578 786 659 837 Caius
675 785 833 855 Volusenus,
852 786 976 838 tribunus
993 785 1096 837 milito·

195 854 236 906 vir
254 864 281 907 et
299 856 403 908 consilii
422 855 511 922 magni
531 863 558 906 et
570 854 681 923 virtutis,
695 854 729 905 ad
744 854 859 906 Galbam
877 854 1020 907 adcurrunt
1037 864 1125 922 atqu

195 940 277 977 unam
293 943 353 978 esse
366 926 453 994 spem⁴
465 925 559 976 salutis
570 922 675 993 docent,
689 925 712 976 si
725 924 862 992 eruptione
877 924 951 976 facta
968 932 1106 976 extremuit
1121 939 1125 946 ⁴

194 995 326 1047 auxilium
338 995 528 1063 experirentur.
565 994 658 1062 Itaque
673 995 826 1046 convocatis
837 993 1038 1047 centurionibus
1048 993 1103 1045 cele

194 1063 258 1115 riter
270 1065 369 1117 milites
382 1064 507 1116 certiores
519 1062 591 1132 lacit,
605 1063 740 1132 paulisper
758 1063 974 1116 intermitterent⁸
988 1063 1087 1132 proelin
1103 1087 1108 1110 t

193 1149 226 1185 ac
244 1134 429 1186 tantummodo
448 1133 501 1185 tela
521 1133 603 1185 missa
623 1133 778 1202 exciperent
796 1141 884 1202 seque
898 1150 933 1186 ex
951 1133 1042 1185 labore
1060 1132 1115 1186 reli-

194 1212 300 1270 cerent;
321 1212 377 1272 post
395 1204 458 1255 dato
476 1203 551 1270 signo
570 1218 585 1253 e
606 1203 700 1254 castris
720 1210 892 1270 erumperent
909 1212 991 1272 atque
1010 1219 1116 1255 omnem

194 1289 269 1341 spem
284 1273 377 1325 salutis
390 1273 416 1324 in
430 1272 527 1324 virtute
574 1280 676 1324 nerent.

229 1347 253 1393 6.
272 1341 349 1400 Quod
367 1341 432 1411 jussi
453 1349 521 1410 sunt,
547 1342 639 1393 aciunt
656 1359 688 1393 ac
706 1340 793 1394 subito
811 1341 936 1394 omnibus
948 1341 1031 1411 portis
1042 1359 1117 1411 erup·

193 1410 264 1463 tione
274 1411 343 1463 lacta
352 1429 385 1464 ne
404 1428 439 1464 ue
448 1410 632 1480 cognoscendi,
642 1410 706 1480 qnid
717 1410 800 1480 fieret,
811 1427 899 1480 neque
912 1411 954 1463 sni
966 1411 1119 1480 colligendi⁸

192 1477 315 1534 hostibus
332 1429 487 1534 facdltatem
508 1480 667 1548 relinquunt.
703 1481 744 1532 Ita
761 1488 928 1532 commutata
946 1480 1052 1534 fortuna
1063 1497 1116 1552 eos,

192 1551 238 1619 qui
260 1552 287 1603 in
307 1568 383 1619 spem
404 1549 589 1620 potiundorum
610 1558 757 1602 castrorum
776 1558 911 1620 venerant,
932 1550 1053 1620 undique
1071 1551 1118 1604 cir-

192 1630 350 1672 cumventos
362 1619 524 1672 interficiunt
537 1628 610 1672 etex
623 1619 762 1671 hominurn
780 1619 891 1672 milibus
908 1619 1027 1688 amplius
1044 1638 1116 1690 m,

191 1705 273 1758 quern
287 1707 430 1743 numerum
442 1689 612 1742 barbarorum
625 1687 660 1741 ad
672 1697 760 1740 castra
773 1688 878 1740 venisse
896 1690 1044 1758 constabat,
1059 1691 1119 1759 plus

191 1758 270 1810 tertia
288 1768 362 1827 parte
382 1759 522 1810 interfecta
537 1757 653 1827 reliquos
664 1758 816 1826 perterritos
827 1758 853 1810 in
866 1756 961 1826 sugam
972 1758 1119 1828 conjiciunt

112 1862 116 1867 -
191 1845 224 1880 ac
237 1846 270 1880 ne
283 1829 308 1881 in
321 1828 386 1881 locis
402 1827 512 1896 quidem
531 1829 712 1896 superioribus
729 1828 874 1880 consistere
893 1829 1038 1896 patiuntur.
1076 1830 1119 1883 Sic

190 1898 315 1950 omnibus
335 1897 453 1950 hostium
474 1897 557 1965 copiis
578 1895 645 1950 susis
667 1897 802 1966 armisque
823 1898 962 1949 extitisse
983 1898 1010 1950 in
1032 1909 1120 1952 castra

191 1968 408 2037 munitionesque
427 1984 490 2018 suas
508 1966 647 2034 recipiunt.
683 1967 742 2025 Quo
762 1967 860 2035 proelio
879 1965 957 2034 facto,
971 1969 1043 2036 quod
1061 1986 1117 2022 sae·

190 2035 253 2106 pius
265 2036 398 2089 fortunam
413 2045 513 2089 tentare
526 2035 613 2089 Galba
625 2035 732 2088 nolebat
743 2045 825 2104 atque
837 2035 890 2089 alio
909 2053 939 2088 se
957 2036 986 2088 in
1005 2037 1119 2091 hiberna

191 2105 302 2158 consilio
322 2105 429 2159 venisse
454 2105 634 2177 meminerat‚⁷
652 2105 714 2158 aliis
736 2104 883 2158 occurrisse
903 2106 985 2158 rebus
1005 2107 1118 2179 viderat,

221 2273 443 2335 ¹Lcnguidicrrbns
454 2275 544 2323 nostrin
556 2273 577 2323 is
588 2273 630 2322 the
642 2273 748 2322 ablativa
759 2273 870 2322 absolute
880 2291 887 2322 ε
899 2286 972 2336 qnam
980 2277 1119 2338 nostrijuris

191 2334 355 2395 languidiores
365 2343 450 2382 arent.

191 2465 207 2513 b
220 2405 319 2512 ''Gcsqr
331 2415 446 2454 extremus
457 2406 478 2454 is
490 2406 548 2454 here
559 2405 602 2454 the
612 2415 723 2455 extreme
739 2405 884 2455 missortnne
895 2405 949 2454 thet
960 2422 1008 2455 can
1018 2407 1094 2458 betatl
1105 2423 1120 2457 a

209 2480 290 2525 esrege
319 2480 395 2524 army.

221 2539 231 2567 ,
300 2538 314 2548 ..

221 2538 372 2720 ’ἳὲῗιῑαϋιὲἵι
388 2611 446 2659 here
464 2610 485 2660 is
503 2620 546 2660 not
566 2615 627 2660 ‘one
646 2611 729 2673 hope,’
746 2613 790 2660 but
809 2611 866 2660 ‘the
881 2611 940 2672 only
955 2611 1029 2672 hope.
1071 2613 1119 2662 Ssc

192 2688 216 2720 v.
260 2708 265 2719 Ι
377 2688 380 2694 .

222 2746 359 2795 'Certiora
369 2746 657 2807 facit-intermitterent,
671 2745 691 2794 is
703 2762 718 2794 a
731 2745 840 2853 ampulat
855 2745 1031 2804 construction,
1049 2746 1120 2796 there

193 2805 267 2865 being
278 2821 309 2852 no
320 2805 367 2852 fact
379 2821 406 2852 or
416 2805 497 2864 object
509 2804 537 2852 of
549 2805 630 2853 which
643 2804 724 2853 Galba
739 2805 838 2854 inerms
850 2805 888 2853 his
900 2821 966 2862 men,
979 2817 1069 2866 except
1081 2807 1119 2854 his

194 2864 245 2911 will
256 2879 283 2910 or
293 2864 380 2919 desire,
395 2864 475 2914 which
492 2864 512 2912 is
529 2864 684 2921 understood,
698 2864 745 2912 and
761 2881 792 2912 on
806 2865 888 2912 which
904 2863 945 2912 the
962 2866 1120 2926 subjunctive

194 2924 377 2972 intermitterent
389 2923 409 2970 is
420 2923 565 2982 dependent.

223 2995 289 3042 ‘Sui
303 2996 431 3056 colligendi
447 2996 513 3053 here,
526 3013 553 3044 as
569 2998 610 3044 sui
625 2997 754 3058 recipiendi
769 2997 793 3045 in
809 2996 878 3056 chep.
890 2999 913 3054 t,
929 2997 950 3045 is
967 2997 1120 3048 annnusual

194 3054 344 3113 expression,
365 3054 458 3117 instead
475 3055 503 3103 os
516 3073 542 3103 re
557 3058 703 3117 colligendi,·
724 3056 766 3104 the
782 3058 824 3104 stri
840 3065 906 3104 must
922 3058 953 3105 be
970 3056 1048 3106 taken
1063 3072 1121 3106 ass

194 3112 280 3174 plural.
313 3113 360 3160 See
372 3112 471 3173 Zumpt,
485 3114 540 3162 Lat.
553 3115 634 3162 Gran.
648 3114 661 3166 b
673 3118 726 3163 660.

224 3184 280 3236 'Hc
291 3183 340 3234 had
350 3184 468 3246 probably
478 3184 553 3234 taken
564 3201 596 3247 up
607 3186 646 3236 his
656 3187 744 3238 winter
753 3196 863 3251 quarters
872 3186 934 3238 with
945 3186 987 3239 the
998 3189 1120 3240 intention
