2250 3736
112 236 168 293 rot
413 257 453 294 ua
475 255 571 294 nanno
593 255 730 296 comico.

110 363 202 431 reliqui
223 381 251 415 se
272 367 297 416 in
315 374 402 416 castra
423 365 560 433 recipiunt,
573 364 644 416 unde
661 372 738 417 erant
754 365 865 432 egressi:
884 382 938 435 exq

108 433 138 485 L.
152 434 313 486 Petrosidius
333 434 464 502 aquilifer,
485 451 568 502 quum
594 453 692 502 magna
716 434 886 487 multitudine
910 436 938 488 hc

107 513 279 624 premeretur,
300 505 417 571 aquilam
440 505 506 555 intra
526 502 625 555 vallum
650 503 767 573 projecit,
790 504 847 574 ipse
868 522 938 573 prot

118 574 250 624 ortissime
269 592 391 642 pugnans
408 573 545 625 occiditur.
582 574 632 625 llli¹
651 591 732 642 aegre
750 574 783 625 ad
803 584 908 627 noctem
924 591 938 625 o

105 644 241 695 nationem
255 645 400 696 sustinent:
420 654 498 695 noctu
517 641 552 694 ad
569 660 653 695 utrum
665 661 767 713 omnes,
781 643 938 714 desperatas

105 713 198 781 seipsi
213 714 382 765 interficiunt.
419 713 500 764 Pauci
519 729 553 765 ert
571 713 670 781 proelio
691 713 784 781 elapsi,
804 713 910 767 incertis
925 713 938 765 it

105 781 157 834 bns
169 800 215 851 per
228 782 308 834 silvas
321 783 354 834 ad
368 783 399 833 T.
413 782 560 834 Labienum
575 783 693 849 legatum
706 784 734 834 iu
747 783 857 835 hiberna
867 799 938 852 perrt

104 861 185 920 atque
199 870 262 904 eum
273 853 307 904 de
321 851 400 904 rebus
412 852 495 918 gestis
507 853 648 903 certiorem
660 850 771 905 faciunt.

139 927 181 973 38.
201 924 258 974 Hac
278 922 387 973 victoria
412 921 533 973 sublatus
553 921 691 974 Ambiorix
712 925 804 976 statim
823 940 886 975 cum
903 941 938 993 eq*

104 991 129 1043 in
143 992 306 1060 Aduatucos,
320 992 365 1059 qui
386 998 460 1042 erant
479 989 539 1058 ejus
554 1008 633 1058 regno
646 990 760 1062 finitimi,
774 993 938 1060 proficiscitur

103 1078 156 1128 que
168 1072 273 1113 noctem
289 1077 376 1128 neque
389 1060 462 1112 diem
476 1061 625 1112 intermittit
638 1061 843 1130 peditatumque
855 1081 884 1115 se
896 1063 938 1115 sul

102 1129 185 1200 jubet.
223 1133 260 1183 Re
279 1131 460 1182 demonstrata
478 1129 680 1198 Aduatucisque
699 1133 846 1201 concitatis,
861 1143 938 1202 poster

102 1201 129 1252 in
144 1201 256 1252 Nervios
269 1200 387 1269 pervenit
407 1198 587 1266 hortaturque,
606 1216 640 1250 ne
660 1200 701 1251 sui
720 1201 747 1252 in
765 1213 921 1271 perpetuum

101 1269 257 1337 audiatque
270 1268 417 1321 ulciscendi
436 1270 570 1321 Romanos
590 1285 636 1336 pro
655 1269 696 1337 iis,
718 1287 786 1338 quas
805 1274 938 1342 acceperit

100 1338 175 1407 juriis
201 1339 369 1391 occasionem
395 1337 546 1390 dimittant:
578 1337 732 1391 interfectos
759 1357 819 1393 esse
846 1341 938 1409 legator

101 1425 280 1476 magnamque
293 1417 394 1475 partem
409 1409 542 1460 exercitus
555 1407 676 1473 interisse
688 1407 870 1478 demonstrat,
883 1413 937 1465 nihi

100 1479 208 1544 negotii,
223 1478 310 1530 subito
330 1494 484 1544 oppressam
504 1476 645 1544 legionem,
660 1494 729 1546 quae
747 1496 810 1532 cum
823 1482 938 1534 Ciceront

100 1556 164 1613 met,
179 1547 289 1598 interfici
300 1548 316 1613 3²
329 1564 357 1598 se
370 1546 402 1597 ad
421 1563 484 1597 eam
503 1563 560 1598 rem
580 1547 715 1614 profitetur
734 1547 894 1616 adjutorem.
929 1551 938 1604 l

99 1616 151 1668 hac
164 1617 279 1668 oratione
292 1617 399 1668 Nerviis
411 1614 562 1684 persuadet.

135 1691 176 1737 39.
198 1686 289 1753 ltaque
310 1684 451 1736 confestim
470 1682 588 1736 dimissis
605 1686 711 1738 nunciis
728 1687 762 1739 ad
782 1688 936 1759 Ceutrones,

99 1754 164 1822 dios,
179 1756 305 1819 Levacos,
320 1753 496 1821 PleumoxioS,
511 1753 667 1821 Geidunos,⁸
682 1757 727 1824 qui
747 1774 842 1810 omnes
860 1759 911 1812 snb
928 1778 938 1812 ε

99 1824 209 1892 imperio
230 1834 298 1889 sunt,
319 1841 398 1889 quam
421 1824 554 1875 maximas
572 1841 670 1876 manns
688 1836 807 1894 possunt,
825 1839 922 1896 cogunt

98 1893 241 1960 improviso
261 1892 295 1945 ad
317 1893 450 1944 Ciceronis
473 1892 585 1945 hiberna
609 1893 741 1964 advolant,
763 1898 883 1950 noudum
903 1898 936 1951 ad

99 1963 171 2014 fama
192 1964 226 2015 de
247 1962 343 2014 Titurii
362 1971 446 2013 morte
468 1963 578 2029 perlata.
616 1963 685 2014 Huic
706 1982 813 2033 quoque
832 1969 936 2034 accidit,

98 2032 147 2084 fult
168 2050 287 2099 necesse,
309 2041 336 2083 ut
357 2030 474 2083 nonnulli
494 2031 603 2100 milites,
617 2033 662 2100 qui
683 2031 836 2100 lignationis
857 2039 938 2090 munit

98 2119 150 2169 que
163 2119 245 2154 causa
258 2102 285 2153 in
298 2102 379 2153 silvas
391 2100 584 2168 discessissent,
605 2104 742 2169 repentino
761 2107 883 2173 equitum
903 2106 936 2159 ad

98 2171 326 2239 interciperentur.
364 2171 412 2221 His
433 2169 629 2236 circumventis,
652 2189 750 2240 magna
771 2192 853 2228 manu
874 2168 938 2229 Ebur

97 2241 197 2309 Nervii,
211 2240 343 2293 Aduatuci
363 2250 444 2307 atque
457 2237 550 2290 horum
563 2242 683 2292 omnium
696 2242 762 2294 socii
775 2254 802 2295 et
815 2246 929 2298 clientes

97 2328 162 2363 nem
181 2327 334 2378 oppugnare
355 2308 498 2376 incipiunt:
519 2308 599 2360 nostri
619 2310 741 2362 celeriter
761 2312 795 2364 ad
817 2332 893 2368 arma
912 2333 938 2368 cr

97 2389 165 2447 runt,
179 2380 281 2432 vallum
301 2377 490 2431 conscendunt.
528 2381 617 2445 Aegre
637 2378 661 2431 is
680 2379 738 2432 dies
757 2387 938 2455 sustentatur,⁴

97 2465 208 2501 omnem
220 2466 297 2517 spem
310 2448 400 2500 hostes
414 2447 439 2499 in
452 2447 589 2498 celeritate
599 2449 739 2517 ponebant,
750 2460 832 2520 atque
841 2453 912 2508 hanc
920 2473 938 2508 a

97 2518 236 2570 victoriam
249 2519 274 2569 in
289 2526 450 2586 perpetuum
462 2534 491 2568 se
505 2517 560 2568 fore
574 2517 689 2570 victores
701 2521 881 2577 confidebant.

96 2613 195 2621 *-

126 2657 133 2683 ¹
145 2655 186 2702 llli
197 2670 236 2702 are
248 2654 319 2700 those
330 2653 386 2700 who
398 2653 446 2700 had
457 2653 530 2700 taken
542 2654 625 2714 refuge
637 2656 723 2703 within
735 2657 776 2705 the
788 2675 866 2719 camp.

125 2728 271 2790 ²Legionem
282 2729 385 2787 interfici
394 2727 414 2773 is
427 2726 468 2773 the
480 2728 574 2786 subject
586 2727 614 2774 of
627 2728 668 2775 the
685 2740 809 2787 sentence,
823 2733 870 2780 and
887 2733 928 2782 the

95 2789 157 2836 nteit
174 2805 224 2836 eece
240 2788 331 2855 negotii
347 2802 386 2833 are
404 2785 446 2832 the
462 2785 601 2854 predicate:¹
620 2788 677 2834 ‘the
693 2790 789 2851 cutting
800 2800 825 2839 to
839 2793 922 2852 piceas

96 2847 185 2908 legion,
199 2847 229 2894 he
241 2846 301 2901 sard,
315 2861 366 2892 was
378 2861 392 2893 a
403 2855 491 2892 matter
502 2846 526 2892 of
537 2861 568 2892 no
579 2845 717 2907 difficulty!

125 2919 187 2966 'All
198 2920 239 2966 the
252 2920 326 2966 tribes
338 2918 395 2964 here
406 2917 564 2965 enumerated
575 2934 601 2965 as
613 2921 722 2979 subjecto
733 2936 760 2968 or
768 2921 855 2970 clients
867 2922 895 2972 of
901 2924 938 2972 the

95 2978 129 3026 vii
140 2994 179 3025 are
192 2989 233 3025 not
250 2977 391 3025 mentioned
403 2979 435 3036 by
447 2992 494 3036 any
505 2977 575 3024 other
587 2978 682 3025 ancient
695 2980 785 3038 writer,
799 2982 901 3030 whence
912 2983 931 3031 it

96 3037 202 3097 possible
214 3049 239 3084 to
250 3052 294 3096 say
306 3037 372 3084 what
384 3035 492 3083 districts
504 3035 563 3095 they
574 3036 706 3085 inhahited.

124 3114 133 3141 ⁴
143 3112 206 3159 That
221 3112 250 3167 is,
264 3129 334 3173 aegre
344 3129 369 3159 eo
379 3112 512 3158 diemilites
524 3119 661 3158 sustentaret
672 3114 773 3161 hostium
785 3115 902 3176 impetum.

107 3185 207 3233 ,⁶That
227 3184 256 3238 ia,
272 3185 370 3232 sibene
385 3185 466 3244 adepti
482 3192 560 3230 essent
578 3185 699 3232 victorium
707 3202 718 3242 ,·
740 3186 780 3234 the
798 3188 883 3245 partiei
902 3187 923 3235 la

96 3245 184 3304 having
193 3243 234 3290 the
247 3243 359 3302 meaning
367 3243 395 3291 of
403 3259 417 3290 a
427 3242 574 3291 conditional
585 3243 676 3292 clause.
704 3245 751 3293 See
760 3245 860 3306 Zumpt,
907 3255 924 3295 t.
936 3266 938 3287 r

17 3362 20 3367 .
95 3302 158 3360 §35,
171 3312 228 3351 note
241 3305 261 3349 l.
