2250 3736
514 253 605 292 musa
625 252 654 292 v.
675 263 678 268 ·
990 233 1045 290 127

132 359 254 417 militibus
271 362 303 421 Q.
321 360 457 415 Titurium
476 361 602 414 Sabinum
622 371 648 414 et
667 362 698 414 L.
710 361 921 414 Aurunculeium
941 360 1044 412 Cottam

130 442 228 495 -egatos
244 449 366 502 praeesse
384 430 471 499 jussit.
507 431 550 484 Ad
570 432 642 483 hunc
665 431 775 483 modum
800 430 947 482 distributis
965 429 1045 496 tegio

130 497 215 568 nibus,
232 502 358 553 facillime
373 501 476 568 inopiae
489 499 678 552 frumentariae
687 518 746 552 sese
755 500 856 552 mederi
866 516 943 567 posse
956 499 1044 551 existi·

129 572 226 624 mavit:
243 581 322 640 atque
336 569 432 622 barum
446 579 535 621 tamen
554 571 674 622 omnium
687 570 820 637 legionum
833 569 946 621 hiberna
959 570 1043 637 (prae-

131 639 173 687 ter
191 657 253 708 earn,
272 657 354 709 quam
374 639 405 691 L.
423 639 518 690 Roscio
536 639 563 691 in
582 640 780 707 pacatissimam
805 647 832 690 et
850 639 1043 707 quietissimam

130 713 229 824 ffirtem
246 709 397 762 ducendam
410 707 533 777 dederat)
545 708 655 760 milibus
667 726 794 776 passuum
808 718 916 760 centum
930 709 1044 759 contiuo·

152 786 230 851 ntur.
264 779 325 848 lpse
344 779 455 847 interea,
474 779 562 846 quoad
581 777 699 844 legiones
722 777 864 829 collocatas
888 778 1046 846 munitaque

130 837 238 900 hiberna
250 848 435 916 cognovisset,¹
448 848 474 898 in
487 846 574 898 Gallia
585 848 681 898 morari
695 846 838 898 constituit.

167 919 208 968 2⁵.
225 919 285 970 Erat
298 918 326 968 in
338 916 498 968 Carnutibus
516 933 622 969 summo
640 915 708 968 looo²
719 925 797 967 uatus
809 916 956 981 Tasgetius,
971 915 1048 983 cujus

128 984 241 1054 majores
258 988 284 1038 in
303 1003 352 1037 sua
370 985 478 1037 civitate
504 1003 614 1053 regnum
639 985 817 1037 obtinuerant.
854 985 923 1036 Huic
941 987 1046 1053 Caesar,

130 1059 179 1166 hm
198 1055 251 1124 ejus
268 1057 364 1107 virtute
384 1067 465 1122 atque
486 1055 562 1106 in·se
579 1055 773 1120 benevolentia,
793 1053 862 1122 quod
881 1054 905 1105 in
925 1055 1048 1107 omnibus

149 1121 210 1175 ellis
221 1124 343 1192 singulari
356 1123 415 1192 ejus
432 1140 513 1192 opera
525 1124 612 1177 fuerat
631 1141 703 1192 usus,
717 1123 848 1192 majorum
867 1124 955 1175 locum
975 1125 1047 1175 resti-

130 1189 224 1247 luerat.
259 1194 381 1246 Tertium
397 1192 452 1262 jam
467 1194 538 1246 hune
556 1211 656 1245 annum
670 1202 824 1260 regnantem
838 1194 937 1244 inimici
949 1193 1047 1262 palam,

129 1261 222 1314 mulus
237 1264 317 1316 etiam
331 1281 366 1316 ex
378 1263 485 1314 civitate
504 1263 664 1330 auctoribus
679 1262 752 1314 eum'
763 1261 960 1314 interfecerunt.
997 1264 1048 1314 De·

129 1318 213 1399 sertor
224 1350 254 1385 ea
272 1350 315 1384 res
325 1331 361 1383 ad
374 1333 526 1385 Caesarem.
562 1331 610 1384 Ille
624 1333 730 1399 veritus,
745 1331 813 1399 quod
832 1332 866 1383 ad
885 1332 974 1399 plures
991 1349 1049 1400 per·

129 1394 247 1471 tmebaq*
257 1420 290 1454 ne
304 1403 400 1454 civitas
412 1418 505 1454 eorum
517 1402 634 1470 impulsu
646 1400 780 1468 deficeret,
794 1402 824 1454 L.
838 1400 966 1454 Plancum
986 1418 1049 1454 cum

128 1453 231 1538 legione
243 1490 276 1524 ex
288 1471 380 1538 Belgio
398 1470 519 1524 celeriter
532 1471 559 1522 in
571 1473 700 1524 Carnutes
718 1471 847 1538 proficisci
863 1470 940 1540 jubet
958 1470 1049 1539 ibique

159 1549 263 1609 emere,
287 1556 454 1609 quorumque
479 1558 559 1610 opera
582 1539 732 1606 cognoverit
750 1540 906 1607 Tasgetium
925 1539 1048 1591 interfec-

127 1599 199 1674 lum,
210 1608 253 1662 hos
270 1609 479 1678 comprehensos
496 1610 530 1662 ad
550 1627 578 1660 se
598 1610 713 1661 mittere.
750 1609 860 1661 Interim
878 1609 913 1661 ab
925 1609 1050 1662 omnibus

124 1657 222 1735 legatis
244 1679 491 1748 quaestoribusque,
516 1678 616 1747 quibus
639 1677 758 1745 legiones
779 1678 930 1745 tradiderat,
956 1679 1051 1730 certior

121 1749 216 1852 gelus
236 1758 284 1820 est,
311 1749 338 1801 in
362 1747 474 1800 hiberna
496 1757 656 1817 perventum
680 1747 822 1816 locumque
846 1747 972 1800 hibernis⁰
990 1765 1050 1800 esse

156 1820 267 1871 uultum.

119 1929 123 1941 .
164 1880 206 1935 26
223 1888 326 1941 Diebus
349 1886 453 1938 circiter
477 1904 532 1956 xv,
557 1885 655 1955 quibus
679 1887 706 1938 in
730 1885 841 1939 hiberna
864 1895 974 1938 ventum
1000 1894 1049 1956 est,

114 1945 232 2050 Lqsstum
249 1956 381 2026 repentini
401 1957 531 2008 tumultus
549 1974 581 2008 ac
599 1955 759 2008 defectionis
776 1965 862 2008 ortum
882 1965 922 2008 est
940 1955 974 2008 ab
987 1958 1051 2008 Am-

133 2021 225 2090 ¹0l¹ge
244 2035 272 2079 et
291 2025 441 2078 Catirolco:
468 2026 513 2094 qui
536 2043 621 2094 quum
646 2026 680 2077 ad
704 2025 772 2077 fines
796 2026 869 2092 regni
894 2029 935 2076 sui
955 2024 1051 2077 Sabino

109 2067 273 2164 C⁰1laeque
297 2103 402 2165 praesto
422 2094 534 2146 fuissent
556 2095 774 2162 frumentumque
796 2095 822 2146 in
842 2094 953 2147 hiberna
980 2111 1051 2146 com·

104 2147 313 2233 ΡΡΓῐᾶνίεεθῃῑ,
332 2164 505 2216 Indutiomari
523 2164 626 2216 Treviri
645 2163 751 2216 nunciis
771 2164 884 2232 impulsi,
905 2179 967 2214 suos
991 2181 1051 2215 eon·

101 2217 282 2303 mavemur,
308 2233 450 2302 subitoque
480 2233 613 2302 oppressis
642 2233 822 2301 lignatoribus,
847 2250 945 2300 magna
969 2249 1052 2286 manu

146 2300 214 2371 Sira
236 2311 421 2372 oppugnatum
439 2310 578 2355 venerunt.
616 2303 706 2361 Quum
729 2303 853 2356 celeriter
871 2303 954 2354 nostri
976 2320 1053 2356 arma

92 2352 260 2440 “epissent
273 2372 429 2439 vallumque
448 2371 659 2440 adscendissent,
673 2381 700 2423 at
721 2389 762 2440 ue,
777 2390 830 2424 una
849 2389 883 2424 ex
902 2381 975 2441 parte
994 2372 1052 2424 His·

88 2417 203 2488 passls
221 2440 357 2510 equitibus
376 2441 490 2509 emissis,
509 2443 627 2509 equestri
646 2389 744 2510 proelio
763 2442 911 2510 superiores
930 2442 1051 2509 fuissent,

111 2498 268 2568 esperata
281 2527 316 2580 re,
336 2509 427 2562 hostes
438 2511 472 2562 ab
484 2511 677 2579 oppugnatione
696 2528 758 2563 suos
776 2511 945 2564 reduxerunt.
982 2512 1053 2564 Tum

83 2593 1049 2644 N———wss-

81 2696 172 2811 erl‘
187 2715 262 2768 Until
273 2721 303 2789 he
315 2720 403 2768 should
413 2720 480 2789 have,
487 2721 564 2768 learnt
578 2720 631 2768 that
646 2721 688 2768 the
699 2719 787 2769 winter
798 2729 906 2780 quarters
917 2734 982 2766 were
997 2733 1051 2777 pro·

168 2784 196 2828 y
212 2779 358 2828 established
369 2779 416 2827 and
427 2780 547 2828 fortrfied.‘

126 2826 147 2933 ἒ
161 2841 271 2900 Summo
280 2855 338 2920 loca·
352 2852 404 2900 that
415 2852 444 2907 is,
453 2869 540 2921 sumere
547 2871 641 2915 genere,
651 2853 678 2901 of
685 2869 700 2900 a
707 2869 767 2912 very
774 2851 832 2921 high
841 2867 870 2919 er
877 2850 948 2899 noble
959 2849 1052 2910 family.

149 2906 219 2955 nee
230 2913 289 2959 loeus
300 2928 321 2959 rs
333 2911 384 2959 also
396 2911 456 2959 used
467 2927 491 2959 m
503 2912 544 2960 the
555 2928 626 2960 sense
638 2912 666 2959 of
673 2911 734 2959 rank
744 2928 771 2959 er
781 2911 882 2971 drgnrty.

92 2961 241 3075 thzlEam
247 2984 320 3054 refers
329 2996 353 3033 to
360 2985 501 3044 Tasgetius,
509 2985 556 3033 und
563 2985 604 3053 the
611 2981 912 3051 preceding-huncbelongs
918 2991 1051 3053 tenuerim:

171 3039 228 3098 rgh
234 3043 298 3092 there
305 3054 402 3093 rsascrt
412 3043 440 3091 of
447 3044 571 3103 pleonnsm
581 3061 605 3091 m
614 3044 655 3091 thc
665 3045 827 3090 combinatron
836 3040 864 3088 of
870 3046 932 3089 hunc
940 3041 987 3088 and
992 3058 1052 3101 pom.

104 3095 150 3197 m:
167 3101 247 3160 'Phar
263 3117 291 3172 is,
304 3118 345 3165 tha
362 3126 450 3165 matter
461 3133 512 3164 was
529 3133 574 3165 one
584 3111 644 3165 ‘that
662 3115 795 3163 concerned
806 3130 873 3162 more
884 3129 984 3175 persons
996 3113 1054 3163 than

144 3170 165 3202 θ
181 3177 192 3217 3
216 3184 284 3234 many
294 3192 357 3224 were
368 3176 503 3224 concerned
515 3176 575 3224 init.

116 3226 295 3343 „aaran
306 3249 326 3297 a
337 3249 379 3296 ne
391 3248 480 3304 dative,
494 3249 610 3318 grenning
626 3248 668 3296 ne
685 3246 765 3306 oute
784 3246 820 3295 for
831 3246 912 3296 which
929 3246 970 3295 the
987 3245 1055 3306 praes

214 3307 312 3355 estmed.
345 3307 567 3364 compereram.
