2250 3736
97 237 138 296 90
403 253 444 294 ms
466 254 563 294 sasso
585 250 721 294 asiarco.

101 364 188 416 landis
201 363 321 433 speciem
333 371 415 432 atque
428 364 580 432 opinionem
593 362 771 432 pugnantium
784 358 947 431 praeberent,
958 353 997 410 οὔ
1003 320 1035 384 'ff

99 434 164 486 item
184 434 219 485 ab
237 433 359 486 hostibus
377 436 536 485 constanter¹
554 450 586 484 ac
605 450 655 483 non
672 429 767 483 timide
780 438 948 499 pugnaretur,
959 417 1024 480 tela

98 520 152 571 que
171 520 206 555 ex
224 503 281 554 loeo
300 503 434 571 superiore
453 504 536 555 missa
556 520 609 554 non
627 501 725 553 frustra
742 499 904 568 acciderent,
923 495 1022 567 equite⁵

98 572 247 624 circumitis
264 571 381 624 hostiurn
401 573 495 624 castris
514 573 608 624 Crasso
627 572 848 623 renuntiaverunt
865 585 919 621 non
931 567 1021 620 eaderss

99 658 160 693 esse
173 642 312 709 diligentia
323 643 359 694 ab
376 641 529 695 decumana
544 650 618 711 porta
636 650 724 693 castra
741 641 847 693 munita
864 638 1020 707 facilemque

98 711 202 763 aditum
218 711 325 764 haberer

135 785 177 833 26.
198 782 309 833 Crassus
321 780 443 848 equitum
458 780 609 849 praefectos
620 778 782 848 cohortatus,
796 787 825 831 ut
838 777 943 846 magnis
954 793 1025 846 prae·

98 850 162 902 miis
186 850 475 920 pollicitationibusque
500 867 563 902 suos
586 851 741 916 excitarent,
767 848 833 919 quid
856 848 916 900 fieri
939 847 1027 918 vellet,

98 921 224 972 ostendit.
263 921 312 987 llli,
337 929 366 972 ut
392 930 449 972 erat
476 919 646 988 imperatum,
672 919 780 971 eductis
802 936 841 971 rr.
866 917 1028 987 cohortibus,

98 1006 169 1057 quae
194 989 328 1058 praesidio
348 990 443 1041 castris
463 989 571 1041 relictae
595 989 711 1040 intritae²
730 988 765 1042 ab
786 987 877 1040 labore
897 996 982 1055 erant,
1005 996 1031 1040 et

98 1057 216 1126 longiore
236 1061 329 1112 itinere
348 1059 546 1125 circumductis,
566 1076 600 1110 ne
614 1075 648 1111 ex
661 1058 780 1110 hostium
798 1057 893 1109 castris
911 1057 1032 1126 conspici

118 1138 215 1197 ossent,
230 1131 351 1182 omnium
369 1129 455 1181 oculis
472 1129 664 1197 mentibusque
682 1127 717 1179 ad
730 1144 849 1197 pugnam
862 1127 976 1179 intentis
989 1144 1033 1179 ce·

98 1144 189 1250 ieriter
206 1199 240 1251 ad
260 1217 315 1267 eas,
332 1216 400 1268 quas
417 1197 544 1268 diximuS,
564 1197 728 1250 munitiones
745 1205 934 1265 pervenerunt,
949 1205 1034 1266 atque

98 1266 141 1319 his
159 1270 273 1336 prorutis
291 1270 365 1337 prius
381 1269 406 1320 in
421 1268 537 1321 hostiurn
550 1268 644 1320 castris
656 1269 840 1334 constiterunt,
853 1284 936 1335 quarn
950 1266 1034 1336 plane

97 1337 133 1390 ab
153 1339 195 1389 his
208 1338 293 1390 videri
311 1348 365 1407 ant,
382 1338 446 1407 quid
465 1339 504 1389 rei
521 1346 664 1406 gereretur,
678 1337 806 1404 cognosci
821 1344 921 1405 posset.
960 1337 1035 1391 Tum

97 1423 161 1459 vero
175 1407 291 1460 clamore
308 1408 343 1460 ab
362 1425 394 1459 ea
414 1416 489 1476 parte
508 1408 600 1460 audito
618 1408 700 1459 nostri
719 1406 907 1474 redintegratis
918 1405 1033 1476 viribus,

98 1477 169 1545 quod
190 1477 349 1546 plerumque
370 1478 396 1530 in
416 1494 464 1546 spe
482 1478 608 1530 victoriae
628 1476 752 1529 accidere
773 1476 920 1544 consuerit,
940 1477 1035 1530 acrius

97 1545 257 1615 impugnare
267 1557 421 1616 coeperunt.
453 1547 551 1599 Hostes
559 1546 677 1615 undique
686 1546 870 1613 circumventi,
880 1545 1034 1614 desperatis

97 1616 225 1669 omnibus
245 1616 331 1685 rebus,
345 1634 375 1669 se
394 1633 442 1686 per
458 1617 622 1670 munitiones
642 1616 760 1685 dejicere
781 1624 808 1669 et
829 1615 893 1682 fuga
912 1616 1034 1671 salutem

97 1698 190 1754 petere
209 1687 389 1740 intenderunt.
426 1686 499 1745 Quos
511 1688 648 1756 equitatus
659 1685 838 1755 apertissimis
849 1686 957 1754 campis
969 1703 1033 1741 con·

98 1763 225 1824 sectatus,
239 1773 274 1808 err
282 1756 388 1808 milium
397 1774 422 1810 a.
432 1774 550 1825 numero,
561 1773 631 1825 quae
639 1773 675 1808 ex
681 1756 826 1824 Aquitania
834 1755 1033 1827 Cantabrisque

98 1827 257 1878 convenisse
270 1826 416 1896 constabat,
430 1827 477 1879 rix
489 1836 583 1897 quarta
594 1834 670 1896 parte
683 1826 782 1896 relicta,
796 1825 884 1878 multa
901 1836 982 1879 nocte
1003 1842 1033 1880 se

97 1893 127 1947 in
138 1903 226 1947 castra
240 1897 350 1964 recepit.

134 1969 176 2017 27.
196 1965 253 2017 Hac
271 1966 364 2018 audita
376 1980 465 2034 pugna
478 1965 598 2017 maxima
609 1982 672 2034 pars
684 1965 847 2035 Aquitaniae
859 1981 921 2017 sese
933 1966 1033 2019 Crasso

97 2033 200 2086 dedidit
220 2035 381 2104 obsidesque
402 2035 470 2086 ultro
489 2036 647 2104 misi13qu0
667 2036 696 2087 in
713 2051 825 2087 numero
844 2033 953 2087 fuerunt
966 2036 1032 2088 Tar·

96 2103 169 2173 belli,
186 2103 360 2173 Bigerriones,
375 2105 470 2174 Ptiani,
482 2105 605 2173 Vocates,
620 2106 773 2173 Tarusates,
787 2105 921 2173 Elusates
935 2105 1031 2177 Getes,

97 2175 189 2243 Ausci,
212 2176 351 2244 Garumni,
372 2174 521 2243 Sibnzates,
544 2175 699 2226 Cocosates:
725 2192 828 2244 paucae
848 2175 962 2227 ultimae
985 2194 1032 2229 na·

98 2244 183 2296 tiones
195 2245 258 2296 anni
271 2253 391 2313 tempore
404 2245 529 2314 confisae,
543 2244 614 2314 quod
633 2244 722 2297 hiems
740 2245 856 2315 suberat,
870 2245 922 2298 hoc
937 2245 1032 2303 facere

97 2313 283 2380 neglexerunt.

133 2388 175 2436 28.
190 2384 295 2437 Eodem
304 2382 360 2436 fere
370 2392 490 2452 tempore
499 2384 605 2451 Caesar,
616 2384 665 2436 etsi
675 2401 757 2453 prope
767 2393 862 2438 exacta
873 2382 928 2452 jam
938 2395 1033 2439 aestas

97 2462 161 2522 erat,
176 2461 268 2506 tamen
279 2453 350 2523 quod
363 2455 436 2506 omni
449 2454 538 2506 Gallia
550 2463 646 2523 pacata
655 2455 754 2507 Morini
764 2455 940 2523 Menapiique
950 2473 1032 2525 supe·

97 2531 193 2592 rerant,
207 2525 295 2591 quiin
306 2525 389 2576 armis
402 2532 494 2576 essent
507 2541 595 2592 neque
608 2523 642 2576 ad
655 2541 721 2576 enm
732 2541 862 2592 umquam
878 2523 984 2591 legatos
997 2526 1032 2579 de

97 2609 165 2662 pace
179 2593 324 2663 misissent,
338 2593 480 2646 arbitratus
498 2593 526 2646 id
546 2594 648 2646 bellum
662 2593 785 2646 celeriter
797 2593 891 2646 confici
905 2611 986 2663 posse
1000 2612 1032 2648 co

98 2662 246 2716 exercitum
267 2662 393 2731 adduxit,
417 2664 464 2732 qui
489 2662 567 2730 longe
592 2663 646 2715 alia
670 2664 770 2715 ratione
790 2680 823 2715 ao
844 2663 938 2732 reliqui
960 2665 1033 2718 Galli

97 2731 200 2786 bellurn
217 2749 311 2800 gerere
330 2741 485 2854 coeperunt.
521 2735 595 2786 Nam
611 2732 682 2801 quod
695 2732 882 2800 intelligebant
895 2735 1033 2789 maximas

97 2802 225 2873 nationes,
239 2819 310 2871 quae
322 2819 385 2872 proe
398 2803 422 2854 io
432 2803 640 2871 contendissent,
671 2803 744 2855 ulsas
753 2815 949 2873 superatasque
960 2821 1032 2877 esse,

98 2873 319 2943 continentesque
338 2872 422 2925 silvas
439 2889 472 2925 ac
485 2872 600 2943 paludes
612 2820 756 2942 habebant,
770 2889 803 2924 eo
816 2889 845 2925 se
858 2890 963 2944 suaque
976 2892 1033 2929 om·

129 3054 214 3102 ¹That
226 3055 256 3112 is,
272 3057 457 3120 ‘incessantly,'
470 3073 498 3106 or
511 3058 632 3106 ‘without
644 3057 827 3106 intermission!

128 3141 253 3212 'Intrs'tae
268 3143 288 3191 is
304 3144 346 3192 the
362 3161 430 3194 same
447 3162 474 3195 as
490 3163 539 3195 noa
555 3147 645 3195 tritae:
665 3146 717 3195 that
734 3145 764 3203 is,
780 3148 838 3193 ‘not
849 3160 920 3196 worn
930 3151 996 3213 qut‚’
1008 3164 1035 3201 o:

102 3205 157 3252 'not
168 3202 293 3264 fatrgued.'
936 3214 949 3225 “’
