2250 3736
101 246 158 313 tto
401 267 441 306 ns.
463 266 559 306 senso
581 267 717 307 crnurco.

97 377 227 430 Carnutes
244 376 347 446 legatos
364 374 526 444 obsidesque
544 376 659 440 mittunt,
679 376 719 427 usi
737 375 961 446 deprecatoribus
981 378 1031 431 lle·

97 447 156 514 mis,
170 463 282 515 quorum
295 454 370 497 erant
384 446 410 497 in
423 445 564 497 clientela:
585 445 681 498 eadem
695 446 782 498 lerunt
801 464 941 515 responsa.
981 448 1031 500 Pe·

97 517 163 582 ragit
175 516 315 568 concilium
330 516 428 567 Caesar
440 516 599 583 equitesque
611 516 723 583 imperat
736 515 901 568 civitatibus.

131 590 157 635 5.
176 585 234 637 Hae
254 594 328 654 parte
348 585 453 637 Galliae
472 594 575 665 pacata,
590 593 660 637 totus
680 593 707 635 et
727 593 819 637 mente
839 595 867 637 et
888 587 992 637 animo¹
1004 586 1031 639 iu

96 651 200 706 bellurn
219 655 387 706 Trevirorum
408 664 434 706 et
454 654 618 721 Ambiorigis
637 653 741 707 insistit.
778 655 1031 708 Cavarinum²curn

97 724 216 792 equitatu
229 724 363 777 Senonum
377 741 468 776 secum
483 723 611 791 proficisci
623 723 707 793 jubet,
718 741 752 776 ne
764 725 825 792 quis
837 734 885 776 aut
898 742 933 776 ex
948 724 1030 793 hujus

96 793 235 845 iracundia
258 803 304 846 aut
329 811 363 845 ex
386 810 426 860 eo,
448 793 518 861 quod
543 801 684 861 meruerat,
710 793 771 844 odio
795 794 914 845 civitatis
938 804 1030 846 motus

97 863 216 914 exsistat.
252 864 302 915 His
314 863 394 914 rebus
406 862 562 930 constitutis,
576 862 646 930 quod
667 879 713 930 pro
733 863 869 932 explorato
891 863 1030 932 habebat,'

96 931 280 1000 Ambiorigem
293 932 391 1001 proelio
403 948 454 984 non
468 948 528 984 esse
541 940 762 1000 concertaturum,
777 932 880 1001 reliqua
893 932 954 1001 ejus
966 949 1030 984 eon·

97 999 157 1052 silia
174 1003 264 1054 animo
276 1000 516 1069 circumspiciebat.
553 1002 634 1054 Erant
653 1001 775 1070 Menapii
794 1003 935 1071 propinqui
955 1001 1033 1055 Ebu·

96 1085 192 1122 ronum
211 1071 316 1140 finibus,
329 1070 465 1139 perpetuis
485 1070 628 1138 paludibus
648 1070 776 1138 silvisque
796 1071 900 1140 muniti,
914 1073 961 1139 qui
981 1070 1033 1123 un?

99 1156 132 1191 ex
145 1141 231 1193 Gallia
250 1140 285 1192 de
306 1157 372 1208 pace
385 1140 419 1191 ad
433 1140 576 1191 Caesarem
595 1139 697 1206 legatos
716 1157 866 1208 numquam
887 1141 1033 1195 miserant

97 1209 165 1261 Cum
180 1211 211 1262 iis
224 1227 284 1261 esse
297 1209 439 1277 hospitium
454 1208 601 1277 Ambiorigi
620 1209 738 1261 sciebat:
757 1210 824 1262 item
842 1227 891 1278 per
903 1211 1033 1262 Treviro-

97 1279 207 1331 renisse
225 1279 366 1331 Germanis
385 1279 411 1329 in
428 1279 574 1330 amicitiam
595 1288 764 1345 cognoverat.
801 1280 876 1330 Haec
894 1280 968 1348 prius
986 1278 1017 1330 it:

98 1346 264 1399 detrahenda
275 1347 376 1400 auxilia
389 1347 565 1416 existimabat,
579 1364 662 1416 quam
673 1348 761 1416 ipsum
780 1347 852 1400 bello
863 1349 1033 1400 lacesseret!

97 1433 133 1466 ne
154 1416 295 1484 desperata
318 1417 404 1469 salute
424 1424 470 1468 aut
491 1433 520 1468 se
542 1417 568 1468 in
588 1417 730 1484 Menapios
750 1416 871 1486 abderet,
893 1427 937 1470 aut
961 1433 1033 1471 cur·

97 1484 296 1537 transrhenanis
316 1485 449 1553 congredi⁴
461 1494 607 1551 cogeretur.
645 1487 702 1538 Hoc
722 1486 787 1538 inito
806 1487 923 1554 consilio,
945 1495 1033 1538 tohu

100 1555 234 1606 exercitus
248 1554 440 1624 impedimenta
451 1553 485 1605 ad
499 1554 648 1607 Labienum
661 1556 687 1606 in
701 1556 825 1608 Treviros
843 1557 931 1624 mittit,
945 1556 1033 1607 dua-r

98 1638 152 1691 que
171 1623 291 1691 legiones
311 1624 344 1676 ad
367 1641 431 1676 eum
451 1624 584 1692 proficisci
603 1623 694 1692 jubet:
715 1626 772 1693 ipse
792 1641 857 1678 cum
874 1624 1029 1693 legionibr

100 1693 232 1760 expeditis
244 1695 361 1762 quinque
374 1693 398 1744 in
412 1693 555 1761 Menapios
573 1693 757 1761 proficiscitur.
781 1694 832 1763 illi,
846 1695 920 1747 nulla
932 1709 1033 1746 coac=

98 1778 191 1829 manu,
213 1762 265 1814 loci
287 1762 419 1831 praesidio
440 1762 508 1832 freti,
530 1762 557 1814 in
578 1763 660 1815 silvas
682 1762 849 1833 paludesque
870 1763 1033 1830 confugium

100 1846 203 1899 suaque
217 1831 313 1884 eodem
326 1831 473 1883 conserunt.

136 1904 160 1952 6.
180 1900 284 1970 Caesar,
299 1901 403 1969 partitis
415 1900 498 1969 copiis
516 1917 577 1953 cum
592 1902 621 1953 C.
635 1900 718 1954 Fabio
736 1901 825 1968 legato
838 1909 865 1953 et
877 1901 918 1954 M.
931 1901 1033 1952 Crassi

99 1977 248 2088 quaestore,
262 1970 438 2038 celeriterque
457 1969 562 2022 effectis
579 1971 711 2040 pontibus,
725 1970 791 2023 adit⁶
802 1972 939 2040 tripartito,
952 1966 1033 2020 aeri:

120 2038 161 2089 cia
180 2039 307 2106 vicosque
327 2039 454 2108 incendit,
476 2055 572 2106 magno
593 2040 697 2108 pecoris
716 2048 797 2108 atque
818 2040 956 2092 hominurn
975 2053 1014 2090 nr

99 2121 174 2158 mero
186 2109 291 2174 potitur.
328 2107 432 2166 Quibus
443 2107 523 2160 rebus
536 2109 620 2160 coacti
639 2109 769 2178 Menapii,
783 2109 887 2178 legatos
904 2109 937 2160 ad
957 2115 1033 2159 eut

99 2176 176 2243 pacis
193 2177 327 2244 petendae
346 2194 428 2229 causa
441 2177 557 2229 mittunt.
594 2177 650 2247 Ille,
664 2177 804 2230 obsidibus
821 2179 949 2246 acceptis,
964 2176 1006 2229 ho.
1018 2187 1033 2215 ⁴

99 2244 168 2296 tium
181 2262 210 2296 se
224 2245 376 2298 habiturum
390 2263 500 2298 numero
514 2246 659 2316 confirmat,
673 2248 694 2300 si
713 2255 759 2299 aut
772 2247 964 2314 Ambiorigem,
977 2253 1033 2298 at!

100 2311 162 2364 e'us
174 2313 276 2380 legatos
294 2315 391 2367 finibus
409 2316 465 2367 suis
478 2316 649 2384 recepissent.
687 2317 734 2368 His
753 2317 925 2368 confirmatis⁶
937 2316 1009 2369 rebur

139 2383 251 2435 mmium
266 2383 423 2437 Atrebatem
435 2401 499 2436 curn
511 2385 630 2453 equitatu
649 2385 767 2438 custodis
779 2385 836 2438 loco
849 2386 877 2438 in
888 2384 1033 2455 Menapii-

100 2450 240 2520 relinquit,
259 2453 315 2522 ipse
329 2454 355 2504 in
369 2454 490 2504 Treviros
503 2454 683 2522 proficiscitur.

135 2525 160 2571 7.
180 2521 250 2573 Dum
270 2523 339 2574 haec
358 2539 375 2573 a
394 2523 509 2574 Caesare
528 2531 662 2592 geruntur,
676 2523 786 2588 Treviri,
800 2525 905 2591 magnis
924 2512 1033 2575 coactffi

98 2588 235 2657 peditatus
255 2592 442 2659 equitatusque
467 2593 558 2660 copiis,
578 2592 727 2648 Labienum
752 2609 814 2644 cum
835 2609 888 2644 una
910 2592 1033 2660 legione

98 2673 169 2726 quae
188 2659 215 2711 in
235 2676 327 2712 eorum
346 2660 445 2713 finibus
464 2660 609 2730 hiemabat,
630 2661 724 2713 adoriri
745 2661 890 2729 parabant:
914 2661 1033 2731 jamqud

127 2846 136 2876 ¹
146 2845 193 2893 See
204 2845 238 2894 iii.
251 2850 287 2903 19,
301 2849 383 2896 noted

127 2919 137 2947 ²
146 2919 193 2966 See
204 2935 227 2966 v.
237 2922 276 2967 54.

127 2990 195 3038 ⁸Pro
206 2995 324 3053 explorato
334 2995 428 3054 alrboid
441 2996 530 3050 habere,
546 2999 584 3042 ‘to
595 2994 689 3043 believe
700 3011 714 3042 a
724 2993 794 3054 thing
804 3003 830 3042 to
841 2995 872 3042 be
884 2993 995 3042 certam!

127 3080 136 3108 ⁴
148 3078 266 3140 Congredi
276 3081 335 3128 does
351 3092 393 3129 not
403 3081 461 3130 here
473 3082 563 3143 signify
576 3088 614 3131 ‘to
625 3083 705 3144 fight,’
718 3084 761 3130 but
775 3087 814 3130 ‘to
822 3082 895 3144 join,’
908 3098 936 3131 or
949 3082 1026 3133 ‘tom

97 3151 128 3184 an
140 3137 240 3184 alliance
252 3139 330 3186 with!

127 3213 136 3240 ⁸
147 3210 241 3271 Supply
252 3211 387 3273 Menapios.

125 3288 135 3316 ⁸
147 3285 311 3347 Confinnotrsr
330 3286 382 3335 that
393 3303 422 3344 rs,
434 3291 580 3337 constitutis.

896 2890 915 2921 l
