2250 3736
447 270 538 309 urana
560 268 609 309 vn.
924 251 985 312 207

61 377 186 448 dejectos
204 376 369 447 principatu,
389 387 536 446 queruntur
556 378 677 430 fortunae
698 385 938 432 commutationem
957 385 984 430 et

63 448 190 500 Caesaris
212 449 237 499 in
258 465 287 499 se
308 447 501 514 indulgentiam
522 448 788 516 requirun13¹neque
809 457 907 516 tamen,
927 465 983 500 sus·

64 526 144 584 cepto
158 517 236 586 bello,
247 534 326 569 suum
340 517 480 569 consilium
493 517 527 569 ab
542 517 650 584 reliquis
663 533 785 586 separare
798 517 906 569 audent.
944 518 985 568 ln-

45 586 115 641 ‚vin
139 603 262 638 summae
286 587 344 654 spei
368 587 560 655 adolescentes,
581 586 738 654 Eporedirix
755 594 781 637 et
800 586 983 655 Virdomarus,

70 655 275 722 Vercingetorigi
289 664 391 724 parent.

104 729 146 776 ut.
165 725 212 776 Ille
226 726 339 794 imperat
352 725 460 792 reliquis
473 724 625 777 civitatibus
636 723 759 776 obsides:
779 722 896 791 denique
909 723 935 776 ei
948 723 985 776 rei
1033 780 1035 784 Α

67 795 203 845 constituit
216 794 304 846 diem:
325 793 387 846 huc‘
399 811 493 845 omues
506 795 618 862 equites,
633 811 678 846 xv.
693 793 767 845 milia
783 810 901 861 numero,
915 793 986 844 cele·

69 863 131 913 riter
147 865 289 915 convenire
308 863 399 932 jubet:
418 864 546 931 peditatu,
560 880 642 931 quem
661 871 723 914 ante
741 861 873 925 habuerit,
887 879 916 914 se
930 862 985 913 fore

68 940 224 984 contentum
249 934 323 1002 dicit,
346 934 443 999 neque‘
463 933 595 984 fortunam
621 942 790 1000 tentaturum,
812 940 859 983 aut
879 931 907 982 in
927 932 985 982 acie

68 998 273 1069 dimicaturum,
292 1001 340 1053 sed
358 1002 484 1069 quoniam
503 1001 621 1053 abundet
640 1001 766 1069 equitatu,
780 999 909 1068 perfacile
925 1017 985 1052 esse

68 1067 150 1137 factu,
175 1070 427 1122 frumentationibus
451 1070 720 1138 pabulationibusque
744 1071 876 1122 Romanos
899 1069 985 1137 prohi-

68 1137 148 1190 bere:
179 1157 266 1208 aequo
292 1141 370 1192 modo
399 1140 488 1192 animo
513 1156 560 1191 sua
585 1140 634 1208 ipsi
658 1139 792 1191 frumenta
816 1145 986 1206 corrumpant

68 1208 245 1276 aedificiaque
259 1209 410 1276 incendant,
424 1226 478 1277 qua
497 1209 534 1260 rei
554 1208 692 1261 familiaris
709 1207 812 1276 jactura
825 1216 985 1276 perpetuum

68 1275 213 1344 imperium
226 1278 431 1346 libertatemque
444 1296 473 1330 se
486 1279 613 1346 consequi
623 1277 740 1329 videant.
776 1277 825 1328 His
838 1275 986 1328 constitutis

69 1346 157 1414 rebus,
177 1347 281 1399 Aeduis
305 1348 519 1416 Segusiauisque,
540 1347 586 1415 qui
610 1355 672 1398 sunt
695 1346 802 1398 finitimi
822 1346 984 1414 provinciae,

67 1431 94 1466 x.
119 1415 195 1467 milia
218 1417 338 1484 peditum
364 1417 494 1485 imperat:
516 1416 569 1468 huc
593 1416 667 1468 addit
692 1418 798 1484 equites
822 1431 900 1467 occo.
936 1415 986 1465 His

68 1485 188 1562 praeficit
202 1485 311 1537 fratrem
323 1487 503 1556 Eporedirigis
515 1485 671 1553 bellumque
689 1485 786 1536 inferre
798 1483 986 1550 Allobrogibus

67 1553 152 1621 Jubet.
188 1556 280 1607 Altera
293 1572 327 1607 ex
339 1564 414 1624 parte
429 1555 545 1607 Gabalos
558 1555 743 1622 proximosque
761 1569 843 1622 pagos
855 1546 985 1605 Arverno-

67 1639 127 1674 rum
147 1623 173 1674 in
191 1624 306 1689 Helvios,
326 1625 393 1676 item
412 1625 531 1676 Rutenos
549 1624 736 1690 Cadurcosque
756 1622 791 1674 ad
809 1623 877 1674 fines
892 1621 985 1674 Volca-

67 1707 127 1743 rum
140 1695 357 1744 Arecomicorum
370 1692 572 1762 depopulandos
584 1692 674 1744 mittit.
710 1691 800 1744 Nihilo
813 1691 902 1742 minus
915 1690 985 1742 clan-

65 1760 181 1812 destinis
204 1763 309 1814 nunciis
333 1762 564 1830 legationibusque
583 1761 741 1827 Allobrogas
765 1760 898 1830 sollicitat,
921 1777 985 1828 quo·

66 1846 126 1881 rum
145 1842 250 1883 mentes
268 1831 387 1884 nondum
405 1832 439 1884 ab
457 1833 593 1899 superiore
606 1829 686 1882 bello⁴
699 1830 840 1881 resedisse‘
852 1830 984 1898 sperabat.

64 1898 166 1951 Horum
181 1901 344 1968 principibus
364 1902 500 1969 pecunias,
514 1900 614 1953 civitati
632 1908 723 1951 autem
744 1900 885 1969 imperium
906 1899 985 1951 totius

64 1970 218 2037 provinciae
233 1970 379 2038 pollicetur.

100 2043 142 2089 6⁵.
163 2040 216 2090 Ad‘
227 2038 276 2091 hos
288 2056 382 2090 omnes
394 2056 474 2092 casus
485 2039 592 2106 provisa
604 2046 678 2089 erant
691 2039 824 2106 praesidia
836 2036 985 2089 cohortium

63 2107 178 2158 duarum
188 2117 214 2158 et
225 2109 325 2176 viginti,
337 2125 406 2176 quae
416 2125 449 2160 ex
459 2109 516 2176 ipsa
526 2116 618 2160 coacta
631 2108 765 2175 provincia
777 2106 812 2160 ab
822 2108 852 2158 L.
862 2106 986 2158 Caesare⁷

62 2175 152 2243 legato
170 2176 203 2226 ad
222 2194 317 2229 omnes
341 2187 430 2246 partes
453 2179 662 2245 opponebantur.
701 2176 797 2242 Helvii,
818 2193 867 2227 sua
891 2183 984 2242 sponte

30 2269 35 2274 ·
61 2261 127 2297 cum
141 2245 261 2297 finitimis
275 2247 374 2312 proelio
388 2247 529 2314 congressi,
543 2246 684 2314 pelluntur,
699 2254 725 2296 et
738 2245 767 2296 C.
781 2245 886 2296 Valerio
900 2245 985 2295 Dono·

62 2323 144 2380 taur0,
159 2314 255 2370 Caburi
269 2316 331 2383 filie,
345 2316 464 2384 principe
477 2315 601 2382 civitatis,
615 2315 850 2382 compluribusque
869 2313 929 2364 aliis
947 2314 984 2363 in·

51 774 65 803 Ο

60 2383 189 2451 terfeotis,
211 2385 278 2436 iutra
296 2386 394 2455 oppida
413 2402 556 2454 murosque
576 2383 781 2451 compelluntur.
818 2382 983 2450 Allobroges,
1065 2423 1067 2426 .

90 2534 99 2562 ¹
109 2532 256 2593 Requirann
272 2537 347 2596 ‘they
358 2536 438 2590 miss‚'
451 2551 478 2582 or
489 2535 570 2582 rather
583 2534 656 2594 ‘they
667 2532 714 2580 feel
726 2533 767 2580 the
779 2531 845 2580 loss.’

88 2608 177 2665 'Ham
196 2609 248 2656 that
260 2609 289 2666 is,
302 2613 333 2657 ad
346 2613 392 2666 froc,
406 2625 433 2656 or
443 2612 475 2656 ad
484 2614 543 2656 hunc
554 2625 607 2656 rem.

89 2682 191 2742 ’Neque
201 2683 258 2730 here
269 2683 290 2731 is
302 2683 342 2730 the
354 2699 421 2730 same
433 2699 459 2730 as
470 2699 544 2742 neque
553 2684 629 2736 etium,
641 2696 667 2728 or
676 2689 697 2727 et
706 2695 767 2735 nom
780 2678 826 2726 and
838 2678 879 2725 the
890 2678 984 2726 follow·

57 2740 102 2801 ing
112 2751 154 2788 out
167 2742 305 2790 introduces
321 2742 461 2802 something
477 2742 526 2789 like
543 2741 594 2787 that
606 2739 687 2786 which
703 2739 723 2785 is
740 2736 882 2784 introduced
899 2737 983 2796 hythe

56 2817 89 2848 ne
105 2818 135 2847 ae
151 2801 246 2857 before;
264 2818 338 2860 neque
349 2802 373 2848 in
384 2800 424 2847 the
442 2801 509 2858 place
521 2800 596 2847 oforn
609 2797 690 2845 would
705 2796 830 2844 introduce
846 2796 984 2856 something

57 2817 172 2907 different
183 2859 244 2906 from
256 2861 321 2906 what
333 2861 353 2906 is
364 2859 493 2907 contained
503 2859 528 2905 in
538 2859 579 2905 the
593 2857 671 2904 words
680 2858 808 2918 fortunam
819 2863 972 2903 tentaturum.

89 2931 228 2991 ‘Compare
241 2933 255 2978 i.
266 2935 289 2986 6,
303 2942 359 2978 note
370 2936 393 2980 7.

88 3005 228 3060 ‘Recidere
244 3011 282 3051 ‘to
293 3004 365 3052 settle
377 3004 469 3059 down‚’
481 3019 508 3050 or
521 3008 561 3050 ‘to
572 3005 672 3050 become
683 3000 820 3060 appeased.'

88 3079 147 3126 ‘Ad
158 3080 178 3126 is
190 3078 231 3126 the
242 3095 309 3126 sume
321 3095 347 3126 as
358 3087 448 3133 contro,
465 3077 572 3137 ‘against
584 3076 616 3122 all
627 3076 696 3123 these
708 3072 893 3133 emergencies.’

87 3151 135 3199 ¹L.
147 3152 237 3199 Caesar
247 3167 297 3198 was
314 3168 328 3199 a
344 3150 444 3198 relation
461 3149 489 3198 of
501 3166 545 3198 our
556 3149 656 3204 author;
674 3147 704 3194 he
716 3162 766 3192 was
783 3144 868 3193 consul
884 3145 909 3192 in
925 3160 948 3193 13.
961 3159 982 3194 c.

54 3214 96 3266 64,
110 3211 157 3259 and
175 3209 293 3276 belonged
313 3220 338 3256 to
357 3210 398 3257 the
418 3210 567 3258 aristocratia
582 3217 667 3266 party;
683 3205 731 3272 and
748 3204 868 3271 although
876 3219 914 3251 wa
926 3204 982 3251 hers

55 3269 106 3318 find
124 3270 175 3317 him
193 3283 272 3315 servm
307 3285 334 3315 as
353 3268 431 3328 legate
443 3270 519 3317 under
530 3267 568 3315 his
584 3276 652 3324 great
664 3264 786 3320 kmsman,
799 3262 830 3310 he
842 3263 982 3311 ruterwards

55 3330 156 3378 forsooli
168 3328 229 3383 him,
243 3285 290 3374 and
297 3328 381 3387 joined
392 3328 430 3375 his
441 3342 529 3386 enemy
541 3327 658 3384 Pompey.
