2250 3736
140 229 197 289 188
439 247 480 287 mr
502 246 598 288 sacco
619 247 756 325 cmuroq.

137 366 234 409 suerat.
270 346 363 436 Itaque
378 363 408 408 ut
426 355 585 424 reliquorum
600 355 788 424 imperatorum
802 372 845 408 res
856 353 990 408 adversae
1003 373 1066 409 auc·

137 428 271 479 toritatem
293 434 424 493 minuunt,
447 426 485 477 sic
506 424 587 495 hujus
608 442 643 477 ex
666 425 794 477 contrario
818 424 942 494 dignitas,
965 427 1066 479 incoin-

136 497 216 548 modo
233 505 352 565 accepto,
367 496 393 547 in
411 495 470 547 dies
489 494 652 561 augebatur:
675 495 753 546 simul
774 494 800 545 in
821 511 899 562 spem
918 494 1066 548 veniebant

136 564 196 634 ejus
206 565 384 618 affirmatione
400 564 434 616 de
447 564 557 632 reliquis
567 563 745 633 adjungendis
757 563 919 633 civitatibus,
934 565 1066 632 primurn·

135 650 189 702 que
208 651 240 686 eo
259 646 378 703 tempore
397 633 468 687 Galli
486 642 573 685 castra
592 634 697 686 munire
717 633 895 701 instituemnt,
910 643 937 686 et
950 635 991 686 sic
1004 641 1066 686 sunt

135 704 225 756 animo
243 705 421 772 consternati,¹
440 702 565 755 homines
584 704 682 755 insueti
702 702 806 770 laboris,
826 710 855 755 ut
874 703 976 772 omnia,
993 721 1067 772 quae

134 771 335 844 imperarentur,
350 773 400 825 sibi
412 772 537 842 patienda
549 781 576 824 et
589 772 746 841 perferenda
758 772 951 824 existimarent.

122 840 126 845 ’
170 847 210 895 31.
239 844 298 896 Nec
315 843 412 911 minus,
433 859 514 910 quam
535 851 577 893 est
596 841 737 911 pollicitus,
752 841 952 908 Vercingetorix
973 842 1066 894 animo

135 909 291 982 laborabat?
303 922 330 965 ut
344 912 458 980 reliquas
470 912 592 964 civitates
604 911 768 980 adjungeret,
782 919 863 978 atque
878 926 974 963 aarum
993 912 1066 980 priu-

134 981 209 1051 oipes
227 981 303 1033 donis
320 980 607 1050 pollicitationibusque
625 980 769 1033 alliciebat.
805 979 874 1032 Huic
893 981 931 1032 rei
952 980 1066 1032 idoneos

134 1048 258 1103 homines
271 1051 414 1118 deligebat,
428 1067 539 1119 quorurn
553 1051 666 1118 quisque
684 1058 730 1102 aut
748 1049 865 1101 oratione
877 1048 1003 1119 subdola,
1017 1056 1065 1102 aut

134 1121 254 1172 amicitia
266 1120 394 1172 facillime
411 1119 470 1188 capi
490 1129 588 1188 posset.
624 1119 677 1176 Qui
689 1119 803 1172 Avarico
821 1126 975 1187 expugnato
994 1119 1037 1170 rei
1055 1149 1065 1160 ·

134 1198 235 1258 gerant,
248 1191 391 1242 armandos
410 1189 615 1257 vestiendosque
634 1198 717 1240 curat.
755 1187 838 1241 Simul
854 1197 883 1240 ut
903 1188 1064 1240 deminutae

134 1260 227 1328 copiae
249 1260 497 1327 redintegrarentur,
519 1259 633 1326 imperat
652 1267 757 1310 certum
779 1274 924 1309 numerum
944 1257 1065 1310 militum

133 1328 294 1398 civitatibus,
308 1345 389 1397 quem
410 1337 437 1380 et
454 1333 534 1395 quain
548 1327 694 1379 antediem
714 1327 739 1379 in
758 1336 844 1378 castra
862 1326 961 1380 adduci
974 1326 1066 1395 velit?

134 1398 335 1466 sagittariosque
356 1415 451 1450 ornnes
471 1413 584 1465 quorum
605 1407 661 1449 erat
680 1413 843 1465 permagnus
864 1396 889 1448 in
908 1396 999 1449 Gallia
1016 1414 1065 1448 nu-

133 1482 232 1536 merus,
246 1467 364 1546 conquiri
382 1475 409 1519 et
427 1437 461 1518 ari
480 1483 510 1518 sa
529 1467 598 1518 mitti
615 1465 700 1535 jubet.
737 1466 786 1518 His
798 1465 877 1518 rebus
889 1465 1015 1518 celeriter
1027 1465 1063 1535 id,

133 1536 205 1603 quod
234 1537 342 1589 Avarici
373 1535 531 1605 deperierat,
557 1535 686 1604 expletur.
734 1534 846 1587 Interim
874 1536 1063 1604 Teutomatus,

133 1605 294 1658 Olloviconis
322 1605 400 1676 filius,
426 1622 472 1658 rex
495 1605 683 1673 Nitiobrigom,
708 1604 785 1673 cujus
808 1614 883 1673 pater
906 1604 942 1656 ab
966 1612 1064 1662 senatu

107 1706 109 1710 ν
133 1683 221 1727 nostro
240 1676 344 1728 amicus
362 1685 418 1727 erat
436 1674 595 1743 appellatus,
614 1691 676 1725 curn
696 1690 793 1740 magno
811 1674 934 1742 equitum
953 1691 1065 1726 suorum

133 1759 253 1813 nurnero,
268 1753 295 1796 et
307 1761 374 1812 quos
386 1761 420 1796 ex
433 1743 577 1811 Aquitania
589 1743 772 1810 conduxerat,⁴
783 1743 817 1794 ad
830 1760 894 1795 eum
906 1744 1041 1811 pervenit.

169 1817 211 1864 32.
231 1813 336 1883 Caesar,
349 1813 456 1865 Avarici
469 1812 620 1880 complures
637 1812 696 1864 dies
714 1822 900 1881 commoratus,
914 1829 1065 1864 summam·

133 1897 187 1950 que
207 1882 243 1934 ibi
262 1884 368 1951 copiam
386 1882 513 1934 frumenti
533 1889 560 1933 et
580 1882 674 1949 reliqui
690 1890 858 1934 commeatus
869 1891 974 1949 nactus,
989 1898 1065 1934 exer·

134 1951 219 2003 citum
232 1969 266 2004 ex
277 1951 367 2003 labore
380 1958 461 2020 atque
471 1951 559 2018 inopia
572 1950 674 2002 refecit.
710 1952 772 2004 lam
790 1967 870 2019 prope
889 1950 983 2002 hicme
1002 1967 1065 2003 con-

134 2018 206 2073 fecta
228 2038 313 2088 quum
325 2022 382 2090 ipso
395 2020 456 2072 anni
470 2027 588 2087 ternpore
601 2019 635 2071 ad
647 2020 794 2087 gerendum
808 2019 911 2072 bellum
922 2029 1065 2072 vocaretur

134 2097 162 2141 et
179 2060 214 2141 aii
233 2088 337 2142 hostem
356 2090 488 2159 proficisci
505 2089 694 2156 constituisset,
709 2090 766 2140 sive
784 2106 846 2141 eum
866 2106 899 2140 ex
918 2089 1066 2158 paludibus

134 2157 263 2226 silvisque
273 2159 378 2227 elicere,
389 2159 445 2210 sive
457 2157 595 2210 obsidione
607 2175 729 2227 premere
742 2166 830 2226 posset
836 2174 844 2226 3
856 2158 938 2225 legati
950 2160 985 2210 ad
999 2176 1065 2212 eum

135 2227 270 2296 principes
287 2227 442 2280 Aeduorum
461 2228 571 2280 veniunt
593 2237 704 2296 oratum,
723 2236 753 2280 ut
771 2228 889 2279 maxime
910 2229 1066 2280 necessario

134 2306 189 2349 tem
210 2298 264 2348 ore⁵
284 2297 385 2349 civitati
404 2297 560 2349 subveniat:
586 2314 692 2349 summo
714 2314 774 2348 esse
794 2297 820 2348 in
841 2296 960 2365 periculo
982 2314 1041 2350 rem
1048 2298 1067 2366 3⁸

134 2315 214 2434 quod,
235 2381 319 2434 quum
341 2366 438 2433 singuli
457 2368 631 2433 magistratus
649 2367 796 2434 antiquitus
816 2366 899 2418 creari
919 2374 1003 2434 atque
1024 2384 1066 2419 re-

133 2434 205 2502 giam
219 2443 380 2503 potestatem
391 2452 510 2488 annuam
526 2435 645 2487 obtinere
664 2443 844 2504 consuessent,
858 2435 912 2486 duo
924 2436 1066 2503 magstra-

135 2513 194 2556 tum
204 2512 297 2572 gerant
315 2512 341 2556 et
359 2521 389 2555 se
407 2512 518 2573 uterque
538 2521 633 2556 eorum
650 2504 756 2587 legibus
773 2514 894 2563 creatum
906 2521 968 2556 esse
982 2505 1065 2559 dicat.

163 2640 357 2687 'Consternatus
378 2639 399 2687 is
419 2639 540 2691 ‘roused.'
559 2639 605 2687 and
624 2639 666 2687 the
684 2655 751 2688 same
768 2656 795 2688 as
812 2641 882 2688 erecti
898 2656 925 2688 or
941 2644 1065 2701 concitati,

133 2698 214 2745 which
226 2714 265 2746 are
277 2714 343 2745 moro
355 2697 493 2758 commonly
500 2698 561 2746 used
569 2699 594 2745 in
603 2698 652 2746 this
661 2715 741 2746 sense.
765 2699 885 2758 Compare
893 2699 966 2760 Livy,
976 2702 1018 2749 vii.
1026 2706 1066 2752 42.

162 2770 267 2818 Ἀπίκια
279 2773 392 2826 laborare,
408 2770 544 2830 ‘seriously
555 2781 580 2818 tc
591 2781 660 2818 exert
671 2771 818 2820 one’s-self.'

161 2843 171 2872 ⁸
180 2843 246 2890 That
258 2843 287 2899 is,
300 2860 367 2903 quem
376 2845 463 2891 adduci
473 2845 538 2900 uelit,
552 2852 573 2891 et
584 2853 640 2891 oute
650 2860 719 2904 quom
729 2847 790 2893 diem
800 2847 886 2893 adduci
896 2847 962 2902 vetit,
975 2850 1065 2896 cousti-

133 2904 194 3009 εἴη
212 2902 254 3007 the
272 2903 318 2950 last
336 2903 364 2951 of
377 2902 447 2950 these
458 2902 538 2950 words
555 2918 637 2951 seems
655 2913 679 2950 to
690 2905 721 2951 be
732 2904 832 2964 implied
843 2903 866 2951 in
878 2904 920 2952 the
931 2907 1067 2969 preceding

161 2978 219 3023 pero
232 2996 238 3008 .

160 3036 170 3062 ⁴
182 3034 324 3088 conducere,
333 3033 406 3081 when
417 3034 479 3082 used
489 3033 517 3081 cf
524 3033 635 3091 soldiers,
644 3033 754 3096 signifies
765 3041 804 3084 ‘to
814 3035 866 3084 hire
877 3039 1065 3098 mercenaries‚'
1085 3060 1093 3079 .

132 3092 174 3139 the
186 3091 253 3138 word
265 3095 366 3140 mercede
376 3093 449 3153 being
460 3093 615 3140 understood.

160 3163 345 3212 ‘Necessarium
355 3174 446 3226 tenpus
459 3166 479 3213 is
490 3165 557 3212 osten
567 3166 629 3213 used
639 3165 665 3213 in
675 3166 717 3214 the
729 3183 801 3216 sense
813 3168 841 3216 of
847 3183 862 3216 a
872 3167 933 3218 time
945 3185 971 3218 at
983 3171 1064 3223 which

132 3221 199 3272 there
208 3224 229 3271 is
241 3239 271 3270 an
282 3232 369 3283 urgent
381 3225 505 3284 necessity
516 3225 552 3272 for
563 3226 711 3286 something.
826 3245 829 3250 ·

159 3297 249 3354 ‘Reru-
268 3297 357 3358 supply
366 3300 495 3359 publicam.-
511 3298 552 3347 the
563 3308 627 3348 state
638 3300 666 3348 cf
677 3301 719 3349 tho
731 3300 821 3350 Aedui.
