2250 3736
108 260 163 316 ,12
406 276 446 318 ua
467 277 565 319 asmo
583 278 721 320 amurca.

101 382 237 436 onerariae
255 386 325 437 duae
337 383 456 455 cosdem,
470 403 538 455 quos
550 386 652 456 reliqui,
667 395 756 457 portus
770 404 868 458 capere

101 460 179 504 erunt
191 461 218 504 et
230 453 309 522 paulo
321 453 388 506 infra
400 454 505 508 delatae
518 464 588 508 sunt.

136 526 178 573 37.
198 522 302 581 Quibus
316 540 350 575 ex
369 526 483 578 navibus
500 542 564 577 cum
582 533 672 577 essent
684 525 798 594 expositi
809 526 879 579 milit

100 592 213 643 trecenti
228 602 309 660 atque
325 593 353 644 in
371 603 458 646 castra
475 594 674 663 contenderent,
687 595 795 666 Morini,
809 612 877 664 quos

99 659 263 713 Britanniam
283 662 454 730 proficiscens
476 671 585 732 pacatos
604 664 755 734 reliquerat,
775 682 823 734 spe
842 682 879 734 pu

100 729 173 782 ducti
191 730 276 799 primo
293 747 342 783 non
362 732 398 783 ita
415 749 512 800 magno
531 749 638 784 suorum
654 751 765 786 numero
782 735 879 787 circum

99 799 170 851 acsi
187 816 247 852 sese
266 801 378 853 interfici
395 802 503 870 nollent,
516 819 592 854 arma
609 819 707 870 ponere
724 803 868 872 jusserunt

99 868 163 921 orbe
176 869 245 921 facto
259 886 319 921 sese
337 869 521 939 defenderent,
534 871 657 923 celeriter
674 871 708 923 ad
726 873 873 926 clamorem

99 938 204 990 circiter
222 938 298 990 milia
315 955 364 991 sex
381 949 571 993 convenerunt.
607 940 707 999 Quare
725 941 879 994 nuntiatae

98 1023 163 1060 uem
182 1024 216 1060 ex
234 1009 359 1060 castrice
380 1010 492 1062 uitatum
512 1010 568 1062 suis
585 1011 683 1062 auxilio
701 1011 784 1063 misit.
820 1011 879 1064 Inte

98 1077 199 1129 milites
218 1077 349 1146 impetum
390 1081 488 1131 ostium
511 1079 692 1132 sustinuerunt
714 1092 797 1148 atque
817 1098 879 1150 amp

98 1156 212 1215 quatuor
224 1147 367 1199 fortissime
385 1157 570 1216 pugnaverunt
582 1157 608 1200 et
625 1149 718 1217 paucis
731 1149 879 1202 vulneribur

99 1215 251 1284 complures
271 1233 305 1268 ex
324 1216 367 1269 his
386 1217 548 1269 occiderunt.
585 1217 682 1270 Postea
701 1233 765 1270 vero
787 1235 871 1287 quam

99 1295 188 1336 noster
203 1286 231 1337 in
246 1295 420 1354 conspectum
435 1286 516 1354 venit,
535 1285 626 1339 hostes
643 1286 756 1356 abjectis
774 1289 859 1340 armis
876 1301 879 1338 t

99 1361 186 1406 terunt
198 1370 366 1422 magnusque
379 1372 471 1407 eorum
483 1372 611 1408 uumerus
623 1364 664 1408 est
676 1357 791 1408 occisus.

134 1427 176 1474 38.
196 1424 294 1475 Caesar
312 1433 417 1492 postero
435 1424 478 1476 die
493 1425 584 1478 Titum
597 1425 745 1478 Labienum
762 1425 879 1492 legatum

98 1491 255 1560 legionibus,
273 1508 341 1560 quas
359 1510 394 1546 ex
412 1494 546 1546 Britannia
563 1494 711 1563 reduxerat,
729 1495 755 1547 in
772 1495 879 1548 Morino

97 1560 243 1614 bullionem
261 1560 389 1631 fecerant,
403 1563 483 1615 misit.
520 1562 573 1621 Qui
590 1580 651 1616 cum
665 1572 771 1632 propter
790 1564 879 1616 siccita

98 1630 164 1683 dum
176 1647 229 1699 quo
242 1647 271 1682 se
289 1631 446 1700 reciperent,
460 1647 512 1683 non
524 1631 662 1701 haberent,
675 1650 728 1702 quo
746 1633 869 1754 perfugio

98 1701 176 1752 anno⁸
187 1708 262 1751 erant
271 1701 321 1768 usi,
331 1717 426 1754 omnes
437 1701 493 1752 fere
503 1700 528 1754 in
541 1709 702 1769 potestatem
710 1702 749 1754 La
769 1702 822 1754 iani
835 1719 879 1771 per

98 1771 134 1821 At
152 1768 184 1827 Q.
200 1769 319 1822 Titurius
339 1777 366 1823 et
384 1771 414 1822 L.
431 1770 508 1823 Cotta
525 1770 614 1839 legati,
633 1771 679 1839 qui
699 1771 726 1822 iu
745 1772 879 1840 Manapioi

97 1837 217 1906 legiones
236 1837 374 1908 duxerant,
395 1838 521 1891 omnibus
541 1855 633 1891 eorum
653 1840 723 1906 agris
741 1841 861 1908 vastatis,

98 1907 217 1974 succisiS,
233 1907 366 1961 aedificiis
384 1908 508 1976 incensis,
525 1909 596 1977 quod
613 1908 736 1978 Menapii
755 1927 784 1961 se
802 1926 879 1962 omne

98 1977 218 2028 sissimus
227 1976 308 2029 silvas
317 1977 483 2046 abdiderant,
494 1994 523 2028 se
532 1977 566 2029 ad
580 1978 722 2030 Caesarem
732 1995 879 2047 receperun

98 2045 126 2098 in
150 2046 239 2114 Belgis
263 2047 382 2098 omnium
407 2046 545 2114 legionum
568 2046 679 2098 hiberna
705 2047 850 2100 constituit.

85 2111 205 2167 'omnino
222 2115 347 2168 civitates
365 2132 399 2167 err
412 2116 545 2168 Britannia
560 2115 668 2168 obsides
686 2117 825 2186 miserunt,
840 2117 878 2169 rel

96 2183 245 2251 glexerunt.
282 2185 331 2236 His
351 2184 431 2237 rebus
450 2185 535 2251 gestis
555 2201 589 2237 ex
608 2183 701 2237 literis⁴
720 2185 843 2239 Caesaris
862 2187 879 2239 d

96 2253 164 2321 giuti
176 2253 334 2323 supplicatio
347 2271 363 2306 a
375 2261 469 2307 senatu
482 2253 591 2306 decreta
602 2263 652 2306 est.

126 2432 262 2495 ¹Namely,
276 2451 327 2492 eoa·
344 2435 396 2484 that
413 2435 442 2491 is,
456 2435 498 2483 the
514 2435 582 2484 three
599 2436 709 2485 hundred
725 2437 782 2485 who
797 2437 845 2486 had
861 2437 879 2486 le

97 2507 162 2541 were
173 2492 303 2555 hastening
311 2495 417 2543 towards
425 2495 467 2542 the
476 2511 554 2554 camp,
563 2495 653 2551 which,
661 2496 685 2543 in
694 2496 808 2544 Caesar’s
817 2499 877 2546 absc

97 2559 128 2659 tp1
140 2552 208 2658 hav2c2
224 2554 287 2601 been
307 2553 415 2613 guarded
436 2555 469 2615 by
488 2554 610 2614 Sulpicius
630 2555 719 2612 Rufus,
740 2571 798 2604 near
817 2556 860 2604 the

97 2627 111 2660 c
129 2626 166 2671 ap.
210 2647 215 2659 .

125 2683 199 2731 ²The
218 2683 296 2743 plural
312 2685 428 2733 abeuntes
446 2685 521 2734 refers
540 2697 566 2733 to
583 2685 624 2733 the
640 2686 735 2734 several
752 2687 835 2746 places
852 2687 879 2735 in

96 2741 199 2803 dryness
210 2743 342 2803 presented
352 2743 416 2791 their
426 2743 512 2805 taking
522 2744 614 2805 refuge,
624 2761 652 2793 so
663 2745 715 2793 that
723 2747 840 2794 uacuatos
851 2746 874 2795 is

96 2810 122 2850 to
132 2804 206 2850 succe
212 2805 321 2864 paludes.
354 2803 474 2863 Compare
485 2819 509 2851 v.
521 2807 558 2860 24,
572 2805 604 2851 vi.
616 2807 653 2862 30,
666 2807 703 2852 34.

125 2875 135 2904 ,

124 2874 292 3006 ‘Bieliiiiiili’
303 2875 409 3008 rivairiely,
422 2948 448 2996 in
458 2948 539 2999 which
551 2948 642 2998 Caesar
652 2949 699 2998 had
711 2950 824 3009 reported
839 2959 866 2999 to

96 3006 171 3054 about
181 3005 219 3054 his
230 3007 278 3055 late
290 3008 437 3068 campaigns.
463 3004 518 3054 The
528 3008 609 3065 public
618 3009 792 3070 thanksgiving
803 3026 835 3058 on
845 3012 879 3059 thr

97 3079 178 3171 ῗᾳῖηρ
189 3074 215 3112 to
226 3065 287 3114 have
299 3068 362 3115 been
373 3066 465 3128 mainly
471 3066 574 3116 decreed
583 3082 615 3115 on
623 3077 725 3117 account
734 3068 762 3118 of
769 3069 808 3118 his
819 3085 879 3132 expe

119 3139 140 3172 n
151 3137 199 3172 atu.
