2250 3736
128 212 188 271 212
431 230 472 269 nir
493 229 590 270 sarno
611 229 745 268 uranico.

128 346 253 391 artantur.
290 335 359 389 Tum
372 337 497 390 Germani
510 337 598 390 acrius
610 353 695 404 usque
707 335 741 387 ad
754 335 916 388 munitiones
933 352 1051 407 sequun-

129 417 179 460 tur.
217 407 258 458 Fit
288 423 387 474 magna
415 406 528 458 caedes:
555 406 680 473 nonnulli,
709 405 807 456 relictis
836 407 921 474 equis,
949 407 1052 459 fossam

128 476 240 529 transire
261 487 288 527 et
312 476 457 527 maceriam
482 475 669 527 transcendere
692 483 827 525 conantur.
864 474 992 527 Paullum
1012 475 1051 527 le·

128 545 221 613 giones
237 545 341 612 Caesar,
361 561 428 612 quas
447 561 492 613 pro
511 544 580 595 vallo
597 543 775 610 constitueret,
794 545 944 610 promoveri
963 544 1050 612 jubet.

128 616 188 668 Non
207 615 303 679 minus,
323 614 369 680 qui
388 613 456 664 intra
474 613 637 665 munitiones
655 621 736 680 erant,
756 613 826 664 Galli
843 612 1052 683 perturbantur5

132 683 215 736 veniri
235 683 270 734 ad
290 699 318 733 se
339 682 480 734 confestim
501 683 692 749 existimantes,
713 682 748 733 ad
768 698 843 732 arma
862 682 1051 750 conclamant,

128 752 248 804 nonnulli
278 751 408 819 perterriti
438 750 466 802 in
494 751 622 818 oppidum
652 750 809 818 irrumpunt.
845 749 1051 818 Vercingetorix

127 830 217 890 portas
232 820 308 889 jubet
326 818 423 888 claudi,
442 836 476 870 ne
495 829 582 870 castra
600 819 740 871 nudentur.
777 817 873 870 Multis
891 819 1050 892 intersectis,

127 889 309 958 compluribus
321 890 397 956 equis
409 887 502 956 captiS,
516 887 643 940 Germani
656 904 716 938 sese
729 887 869 955 recipiunt.

163 964 205 1010 71.
228 956 432 1025 Vercingetorix,
446 957 600 1025 priusquam
618 956 780 1008 munitiones
797 956 831 1015 ab
845 957 974 1009 Romanis
990 975 1051 1026 per-

128 1026 257 1092 ficiantur,
270 1026 411 1078 consilium
430 1026 509 1094 capit,
522 1042 631 1077 omnem
649 1025 684 1077 ab
701 1042 731 1076 se
749 1025 898 1093 equitatum
911 1035 994 1078 noctu
1009 1027 1051 1079 di·

127 1096 254 1148 mittere.¹
290 1094 496 1147 Discedentibus
518 1094 636 1162 mandat,
661 1103 690 1145 ut
715 1111 791 1146 suam
816 1095 930 1162 quisque
955 1112 1048 1149 eorum

127 1164 265 1216 civitatem
282 1164 361 1215 adeat
379 1179 534 1232 omnesque,
549 1163 595 1231 qui
611 1179 658 1231 per
675 1171 793 1214 aetatem
809 1179 885 1214 arma
900 1163 970 1215 ferre
988 1181 1050 1232 pos·

127 1233 187 1299 sint,
206 1232 240 1284 ad
262 1232 362 1285 bellum
380 1241 490 1299 cogant,
511 1248 559 1283 sua
579 1232 604 1283 in
626 1231 686 1283 illos
705 1232 801 1283 merita
821 1232 940 1300 proponit
960 1234 1050 1285 obtes-

126 1308 257 1368 taturque,
270 1309 299 1352 ut
318 1318 382 1352 suae
402 1301 496 1352 salutis
513 1302 642 1352 rationem
659 1300 782 1368 habeant,
798 1317 852 1352 neu
870 1318 907 1368 se,
921 1301 957 1353 de
976 1319 1049 1355 cum·
1117 1294 1123 1308 ⁸

127 1371 201 1422 muni
226 1368 348 1421 libertate
372 1370 471 1437 optime
495 1369 628 1437 meritum,
648 1367 768 1421 hostibus
788 1370 812 1420 iii
835 1371 982 1422 cruciatum
1000 1371 1048 1423 de·

127 1439 206 1490 dant:
226 1437 297 1506 quod
314 1439 346 1489 si¹
357 1437 563 1504 indiligentiores
575 1437 681 1505 fuerint,
694 1437 770 1490 milia
788 1437 927 1490 hominum
940 1439 1049 1493 delecta

128 1524 208 1560 cxxx.
229 1523 283 1559 una
301 1523 396 1558 secum
413 1507 550 1558 interitura
569 1505 747 1574 demonstrat,
771 1507 870 1558 ratione
891 1507 974 1577 inita,8
994 1509 1049 1561 fru-

127 1584 249 1628 mentum
270 1592 298 1627 se
322 1575 419 1642 exigue
443 1575 546 1627 dierum
566 1593 629 1628 xxx.
650 1575 756 1643 babere,
781 1575 829 1627 sed
849 1575 938 1645 paullo
963 1578 1048 1637 etiam

126 1643 229 1711 longius
252 1644 362 1696 tolerare
387 1661 463 1712 posse
487 1642 627 1712 parcendo.
663 1645 711 1695 His
734 1644 803 1696 datis
827 1645 967 1714 mandatis,
993 1663 1049 1714 qua

126 1721 182 1764 erat
194 1721 313 1765 nostrum
326 1729 393 1781 opus
406 1713 606 1780 intermissum,⁴
618 1712 735 1764 secunda
748 1712 837 1780 vigilia
850 1714 955 1766 silentio
971 1717 1048 1783 equi·

126 1789 212 1833 tatum
225 1781 351 1849 dimittit,
370 1781 535 1834 frumentum
552 1799 631 1833 omne
643 1781 677 1833 ad
696 1798 725 1833 se
738 1782 829 1833 referri
840 1781 916 1850 jubet
924 1800 931 1851 3
950 1785 1050 1852 capitis

124 1865 240 1918 poenam
253 1851 293 1919 iis,
308 1851 353 1919 qui
364 1867 416 1902 non
428 1851 569 1918 paruerint,
583 1851 718 1903 constituit
725 1868 733 1918 3
751 1867 842 1919 pecus,
856 1852 934 1920 cujus
949 1870 1050 1919 magua

125 1928 182 1970 erat
203 1919 238 1971 ab
257 1919 415 1971 Mandubiis
434 1919 573 1987 compulsa
596 1923 679 1988 copia,
702 1920 798 1972 viritim
819 1919 969 1990 distribuit,
993 1923 1048 1975 fiu-

125 1998 248 2040 meritum
270 2004 349 2055 parce
369 1995 396 2039 et
416 1988 554 2055 paullatim
574 1989 662 2040 metiri
681 1988 811 2056 instituit,
832 1991 924 2058 copias
943 2007 1046 2062 omnes,

126 2071 192 2124 quas
209 2073 255 2126 pro
268 2057 364 2125 oppido
376 2055 559 2125 collocaverat,
574 2057 599 2108 in
617 2056 746 2126 oppidum
764 2058 865 2126 recipit.
902 2060 951 2110 His
969 2061 1038 2113 ratio

124 2124 203 2176 nibus
215 2126 313 2177 auxilia
325 2125 429 2177 Galliae
441 2133 598 2193 exspectare
611 2135 637 2177 et
650 2125 752 2177 bellum
763 2126 950 2179 administrare
963 2138 1048 2196 perat.

144 2199 202 2252 ,72
222 2193 326 2251 Quibus
345 2193 425 2245 rebus
442 2211 476 2245 ex
495 2193 614 2263 perfugis
632 2203 658 2246 et
677 2195 792 2262 captivis
809 2198 927 2264 cognitiS,
947 2198 1049 2251 Caesar

123 2263 192 2314 haec
203 2279 302 2330 genera
313 2262 469 2317 munitionis
481 2263 602 2315 instituit.
634 2263 745 2316 Fossam
757 2263 858 2333 pedum
869 2281 915 2318 xx.
929 2265 1050 2319 directis⁵

1022 2392 1047 2399 ⁴

152 2453 307 2510 ¹Dr'mittere,·
324 2454 366 2502 the
378 2455 496 2503 infinitiva
513 2455 574 2504 after
589 2459 715 2506 consilium
731 2459 778 2506 and
794 2468 894 2521 tempus,
908 2460 1002 2510 instead
1021 2464 1049 2512 of

125 2511 164 2559 the
175 2513 281 2572 genitive
292 2511 320 2560 os
327 2514 368 2560 the
379 2514 480 2573 gerund,
493 2514 631 2574 frequently
640 2532 725 2565 occurs
736 2518 761 2565 in
772 2518 852 2574 Latin,
864 2520 907 2566 but
919 2521 940 2568 is
951 2536 982 2568 aii
994 2522 1038 2571 imi

63 2581 65 2585 ’
126 2571 200 2619 tation
211 2570 239 2618 of
251 2571 293 2618 the
306 2571 396 2619 Greek.
429 2573 549 2632 Compare
560 2574 600 2622 vii.
612 2579 649 2623 26.

152 2643 242 2704 ’Quod
258 2645 282 2690 ei
298 2643 319 2711 is
335 2645 419 2704 nearly
430 2646 471 2693 the
488 2661 555 2693 same
572 2663 599 2694 as
616 2649 640 2695 ei
656 2647 740 2705 alone;
758 2650 899 2698 sometimes
915 2651 933 2699 it
948 2668 1007 2712 may
1018 2655 1050 2703 be

125 2702 240 2749 rendered
252 2705 285 2769 by
298 2703 333 2749 ‘is
345 2702 482 2751 therefore!
516 2705 571 2752 The
582 2707 674 2810 quodie
686 2707 762 2774 added
775 2720 800 2754 to
810 2711 834 2756 ei
843 2708 879 2756 for
891 2710 931 2777 the
943 2725 1049 2770 purpose

122 2759 152 2808 of
163 2771 308 2820 connecting
318 2761 359 2808 the
371 2772 486 2810 sentence
498 2778 564 2810 more
577 2765 670 2824 cosely
681 2766 742 2813 with
753 2766 794 2813 the
805 2768 936 2828 preceding
947 2785 1003 2817 one.

151 2832 274 2900 ’Ratione
286 2836 357 2891 irritu,
373 2835 450 2882 ‘after
466 2852 481 2883 a
498 2836 642 2884 calculation
653 2854 704 2885 was
721 2839 808 2886 made’
840 2839 937 2902 Exigue
952 2842 973 2890 is
989 2843 1050 2893 here

123 2891 184 2938 used
194 2907 219 2938 iii
230 2892 271 2938 the
282 2908 355 2940 sense
367 2893 395 2940 of
403 2911 490 2955 param
500 2910 527 2942 or
535 2896 584 2950 uie,
600 2896 742 2956 ‘scarcely'

152 2961 346 3021 ‘Intermissum
362 2965 415 3013 that
426 2966 456 3022 iii,
465 2967 546 3013 where
557 2968 671 3015 between
679 2976 729 3016 two
737 2971 818 3028 points
829 2970 897 3018 there
907 2987 958 3020 was
970 2989 984 3021 a
995 2985 1050 3034 part

123 3021 205 3138 ἓξὲξ
217 3021 320 3139 leipdadipt
338 3034 379 3083 yet
398 3026 461 3072 been
477 3025 588 3082 fortified,
602 3026 649 3073 and
666 3028 771 3089 through
782 3029 863 3077 which
879 3030 920 3078 the
938 3035 1050 3083 enemiee

151 3151 273 3198 ‘Dercetis
290 3155 413 3209 luteribus,
434 3154 508 3202 ‘with
525 3155 628 3216 straight
646 3157 736 3215 sides3’
758 3158 857 3217 thetis,
877 3161 919 3209 the
937 3164 1005 3213 sides
1023 3181 1051 3216 or

124 3208 202 3276 bandis
221 3209 302 3276 oflthe
314 3212 390 3268 ditch,
404 3213 451 3261 end
467 3216 644 3275 consequently
654 3217 696 3264 the
714 3217 780 3266 ditch
798 3219 868 3266 itself
880 3221 941 3279 also,
955 3224 1049 3276 formed

122 3268 225 3327 straight
241 3267 311 3318 lines.
