2250 3736
448 226 540 264 trusa
560 226 611 265 vu.
935 203 995 262 209

68 337 166 392 cestris
183 334 337 388 habitururn
360 341 387 386 et
404 333 495 386 terrori
518 333 640 386 hostibus
658 331 786 384 futurum.
823 330 997 385 Conclamant

68 408 184 476 equites,
198 404 366 456 sanctissimo
383 403 554 473 jurejurando
568 403 718 455 confirmari
731 420 746 452 ο
766 409 859 469 ortere,
874 418 908 452 ne
927 409 997 452 tecto

68 476 221 545 recipiatur,
231 492 265 526 ne
278 473 312 525 ad
325 473 430 541 liberos,
439 489 473 524 ne
486 473 520 523 ad
534 483 665 541 parentes,
676 489 710 525 ne
723 419 765 523 ad
771 488 881 522 uxorem
893 470 998 522 aditum

68 546 178 611 habeat,
192 545 237 612 qui
250 560 302 596 uon
315 543 357 596 bis
369 556 416 611 per
427 559 526 610 agmen
547 541 664 594 hostium
676 541 857 610 perequitarit.

107 620 150 667 67.
171 614 284 667 Probata
296 629 324 664 re
336 621 417 680 atque
429 611 556 663 omnibus
567 611 602 663 ad
613 611 801 681 jusjurandum
813 609 924 678 adactis,
938 625 997 677 pos·

71 694 129 738 tero
148 683 192 735 die
210 685 238 734 in
257 690 312 734 tres
329 691 419 751 partes
437 681 577 734 distributo
597 683 726 749 equitatu,
739 679 810 732 duae
823 696 852 730 se
871 679 945 730 acies
962 677 1000 732 ab

71 753 179 807 duobus
191 751 319 804 lateribus
330 751 489 803 ostendunt:
510 767 562 802 una
580 768 597 801 a
615 751 700 819 primo
718 749 826 816 agmine
845 757 896 800 1ter
914 749 999 815 impe·

70 823 129 876 dire
150 823 245 890 coepit.
282 821 340 879 Qua
361 838 388 873 re
409 820 542 888 nunciata,
557 821 655 872 Caesar
672 836 751 872 suum
770 834 876 887 quoque
896 817 1000 885 equita·

73 901 141 959 tum,
161 892 291 960 tripartito
308 891 434 959 divisum,
453 899 545 942 contra
562 889 667 941 hostem
686 889 725 940 ire
742 887 828 956 jubet.
864 887 1000 954 Pugnatur

71 963 136 1014 una¹
159 970 223 1014 tunc
246 960 370 1013 omnibus
394 959 573 1028 inpartibus:
601 958 721 1011 consistit
744 972 858 1025 agmen:
885 956 1000 1024 impedi·

72 1040 167 1084 menta
184 1031 253 1082 inter
265 1029 384 1096 legiones
402 1029 573 1097 recipiuntur.
609 1027 636 1080 Si
653 1045 708 1097 qua
725 1027 751 1078 in
770 1037 845 1096 parte
864 1025 944 1078 nostri
963 1025 1000 1077 la·

73 1101 167 1154 borare
185 1108 231 1151 aut
248 1098 356 1166 gravius
374 1099 459 1176 premi
478 1097 646 1168 videbantur,
660 1114 692 1149 eo
705 1097 782 1164 signa
800 1095 889 1148 inferri
902 1096 1001 1147 Caesar

72 1170 216 1237 aciemque
235 1169 352 1220 converti
370 1168 497 1237 jubebat:
516 1183 588 1235 quae
607 1184 650 1219 res
662 1175 688 1219 et
707 1165 798 1217 hostes
810 1165 844 1218 ad
858 1166 1001 1233 insequen-

73 1239 140 1292 dum
167 1237 296 1306 tardabat,
318 1246 345 1289 et
363 1246 465 1289 nostros
483 1254 530 1304 spe
548 1237 640 1288 auxilii
658 1235 840 1288 confirmabat.
877 1233 1000 1286 Tandem

74 1308 204 1361 Germani
217 1307 251 1359 ab
264 1307 356 1358 dextro
369 1306 459 1375 latere,
474 1323 613 1358 summum
630 1306 725 1375 jugum
738 1305 816 1372 nacti,
831 1304 922 1356 hostes
942 1303 999 1355 loco

74 1377 230 1446 depellunt,
248 1376 383 1443 fugientes
393 1393 479 1444 usque
491 1375 525 1426 ad
538 1375 660 1444 flumen,²
671 1375 716 1427 ubi
727 1374 928 1440 Vercingetorix
938 1389 1003 1426 cum

74 1446 247 1518 pedestribus
258 1446 341 1513 copiis
353 1446 517 1513 consederat,
531 1453 728 1514 persequuntur
739 1444 944 1511 compluresque
963 1443 1002 1493 in·

44 1544 47 1549 ·
75 1517 220 1569 terficiunt.
257 1514 316 1572 Qua
329 1532 356 1566 re
368 1514 563 1582 animadversa,
578 1514 672 1583 reliqui
694 1531 729 1565 ne
747 1513 1002 1565 circumvenirentur

75 1587 162 1653 veriti,
188 1602 218 1636 se
245 1583 324 1651 fugae
345 1585 483 1636 mandant.
520 1584 652 1636 Omnibus
671 1553 737 1635 locis
757 1583 786 1634 fit
806 1582 920 1634 caedes:
949 1590 1003 1633 tres

75 1654 236 1709 nobilissimi
260 1653 350 1705 Aedui
373 1653 444 1722 capti
464 1652 498 1704 ad
518 1654 663 1705 Caesarem
682 1651 876 1721 perducuntur:
904 1652 1004 1719 Cotus,'

76 1724 231 1795 praelectus
255 1723 385 1791 equitum,
411 1723 457 1790 qui
483 1722 690 1784 controversiam
715 1738 778 1774 cum
795 1721 1003 1773 Convictolitane

76 1794 204 1863 proximis
227 1792 343 1844 comitiis
368 1792 513 1860 habuerat,
539 1802 566 1844 et
586 1791 743 1860 Cauarillus,
763 1791 810 1859 qui
836 1799 894 1860 post
913 1789 1004 1842 desec-

76 1865 178 1916 tionem
193 1861 305 1914 Litavici
322 1861 491 1930 pedestribus
508 1861 594 1929 copiis
612 1860 780 1929 praefuerat,
799 1870 825 1912 et
838 1859 1002 1929 Eporedirix,

77 1950 130 2002 quo
143 1933 213 1984 duce
226 1939 288 1982 ante
306 1930 453 1983 adventum
466 1930 589 1983 Caesaris
606 1930 696 1983 Aedui
708 1946 771 1982 cum
784 1929 914 1999 Sequanis
933 1929 1004 1982 bello

77 2002 279 2055 contenderant.

114 2077 157 2124 68.
177 2071 280 2137 Fugato
300 2068 374 2120 omni
394 2069 522 2138 equitatu,
544 2068 746 2136 Vercingetorix
764 2067 856 2136 copias
874 2085 943 2136 suas,
967 2065 1005 2119 ut*

76 2158 124 2210 pro
143 2140 237 2192 castris
250 2138 434 2206 collocaverat,
449 2138 553 2190 reduxit
561 2154 569 2206 3
588 2140 761 2207 protinusque
779 2137 921 2206 Alesiam,⁰
933 2135 1006 2205 quod

77 2220 119 2262 est
139 2210 268 2278 oppidum
286 2207 503 2276 Mandubiorum,
524 2208 573 2259 iter
590 2207 680 2259 facere
700 2207 802 2275 coepit,
830 2207 1006 2275 celeriterque

77 2280 275 2348 impedimenta
288 2277 430 2329 excestria
448 2276 527 2329 educi
540 2285 567 2328 et
586 2294 616 2328 se
635 2277 763 2346 subsequi
780 2275 867 2346 jussit.
897 2277 1004 2344 Caesar,

77 2347 281 2417 impedimentis
302 2348 329 2398 in
349 2346 501 2414 proximum
525 2345 624 2398 collem
642 2345 773 2414 deductis,
793 2346 951 2414 duabusque
969 2345 1007 2397 le-

77 2417 205 2487 gionibus
222 2415 354 2485 praesidio
374 2414 480 2482 relictis,
496 2425 614 2484 secutus,
628 2425 760 2484 quantum
772 2415 826 2467 diei
847 2424 954 2483 tempus
966 2421 1007 2466 est

78 2504 197 2558 passum,
211 2486 318 2538 circiter
331 2485 415 2537 tribus
433 2485 543 2537 milibus
555 2485 672 2537 hostium
685 2501 720 2537 ex
737 2484 880 2536 novissimo
898 2484 1007 2554 agmine

110 2644 119 2671 ¹
132 2642 197 2698 Uno,
211 2650 250 2688 'at
262 2656 308 2689 one
320 2640 367 2688 aud
379 2641 420 2688 the
432 2656 500 2688 same
511 2641 590 2688 time.’

110 2715 192 2762 ’This
203 2714 267 2761 river
277 2714 299 2761 is
311 2713 351 2761 the
364 2714 429 2761 Arar
440 2713 550 2770 (Saone).

111 2787 281 2847 ¹'Respecting
298 2787 376 2834 Cotus
392 2787 439 2834 and
457 2787 670 2843 Conuictolitauis,
688 2802 730 2834 see
745 2787 785 2834 vii.
801 2789 838 2842 33,
851 2788 896 2844 39;
915 2784 1009 2847 though

80 2847 124 2894 the
138 2844 345 2904 Eporedirixhere
355 2845 587 2892 mentionedcannot
597 2848 627 2894 be
639 2845 680 2894 the
692 2862 759 2893 same
772 2862 798 2893 as
809 2845 851 2892 the
863 2860 909 2893 one
920 2845 977 2893 who
988 2846 1009 2893 is

80 2905 177 3014 ffikess
188 2904 215 2951 of
223 2905 248 2952 in
258 2905 299 2952 vii.
311 2907 355 2951 54:
368 2904 399 2951 he
409 2919 465 2963 may
474 2903 536 2952 have
548 2906 611 2953 been
621 2905 659 2952 his
670 2905 756 2961 father,
767 2919 793 2952 or
802 2920 863 2952 even
874 2904 913 2952 his
921 2904 1008 2964 grand·

135 2980 168 3010 er.

113 3036 176 3092 ⁴Ut,
193 3035 252 3090 ‘as,’
267 3051 294 3082 or
307 3034 346 3082 ‘in
362 3034 404 3082 the
421 3050 488 3082 same
505 3036 614 3084 manner'
634 3051 661 3083 or
680 3035 763 3084 ‘order
780 3035 804 3082 in
815 3034 897 3084 which
914 3035 945 3084 he
961 3035 1010 3084 had

81 3095 167 3144 drawn
179 3094 247 3142 them
259 3095 310 3152 up,'
324 3093 372 3141 &a

114 3168 226 3223 'Alesia
240 3183 255 3214 a
270 3177 337 3215 town
354 3165 459 3215 situated
477 3182 508 3213 on
526 3183 540 3214 a
557 3167 723 3216 considerable
740 3167 874 3222 amidanae,
894 3168 941 3215 ond
957 3182 1009 3216 sur·

85 3227 193 3277 rounded
204 3243 236 3274 on
248 3236 297 3272 two
308 3225 373 3273 sides
385 3228 417 3285 by
428 3225 513 3283 rivers,
526 3227 547 3275 is
558 3227 600 3274 the
611 3226 713 3275 modern
723 3226 802 3274 Aliae.
836 3224 957 3287 Compare
968 3226 1003 3276 vii

85 3290 125 3342 59,
137 3286 238 3392 andsthe
249 3284 307 3345 plau
317 3285 385 3334 there
396 3285 477 3346 given.
580 3357 594 3394 ι
