2250 3736
400 247 442 287 DE
463 248 561 288 BELLO
582 248 716 288 odanco.

452 565 584 619 LIBER
606 565 660 619 IV.

99 703 147 774 Ex,
160 720 231 773 quae
250 711 343 756 secuta
361 712 409 770 est,
429 703 528 772 hieme,
547 705 593 772 qui
613 703 663 757 suit
680 703 869 758 annus¹Cneio
889 706 1024 787 Pompeio⁸

97 773 191 828 Marco
204 775 297 826 Crasso
315 773 476 842 consulibus,
489 773 617 842 Usipetes
628 775 754 827 Germani
773 783 801 826 et
819 775 885 828 item
900 776 1024 829 'l'encten

97 859 196 911 magna
218 860 280 895 curn
300 843 470 895 multitudine
495 842 635 896 hominurn
653 844 753 897 flumen
771 843 899 897 Rhenum
916 847 1025 898 transie-

98 921 165 980 runt,
180 931 231 965 non
244 912 321 979 longe
334 930 350 963 a
363 914 437 980 mari,
452 929 504 980 quo
515 912 625 965 Rhenus
638 915 743 966 influit.¹
767 913 856 965 Causa
869 915 1023 968 transeundi

98 980 147 1034 tuit
168 981 238 1050 quod
259 981 293 1034 ab
314 981 408 1034 Suevis
425 981 576 1050 complures
594 999 678 1033 annos
689 981 816 1049 exagitati
834 982 908 1035 bello
920 1001 1025 1053 preme·

98 1051 194 1104 bantur
217 1059 243 1103 et
267 1051 323 1118 agri
347 1051 449 1103 cultura
473 1050 688 1118 prohibebantur.
725 1052 872 1104 Suevorum
896 1071 966 1122 gens
982 1070 1025 1107 es·

97 1119 175 1189 longe
199 1121 318 1172 maxima
341 1129 367 1173 et
391 1119 594 1175 bellicosissima
611 1121 804 1173 Germanorum
823 1123 954 1175 omnium.
989 1123 1025 1179 H

97 1200 208 1242 centum
226 1207 308 1258 pagos
326 1188 426 1242 habere
444 1189 585 1258 dicuntur,8
598 1190 741 1258 exquibus
758 1192 901 1258 quotannis
919 1192 1025 1259 singu*

97 1260 171 1312 milia
183 1269 344 1311 armatorum
358 1259 474 1312 bellandi
493 1275 575 1310 causa
587 1276 621 1311 ex
633 1260 730 1312 finibus
742 1259 870 1312 educunt.
906 1261 1025 1330 Reliqt:

97 1331 142 1398 qui
155 1329 227 1380 dorni
241 1338 402 1397 manserunt,
417 1346 446 1380 se
459 1337 539 1396 atque
552 1329 612 1380 illos
623 1329 716 1381 alunt.⁴
744 1328 779 1380 Hi
792 1346 882 1382 rursus
895 1331 920 1382 in
936 1331 1003 1382 vice

98 1414 167 1451 anno
180 1407 238 1466 post
251 1399 277 1450 in
296 1398 378 1450 armis
390 1407 458 1466 sunt,
474 1397 510 1449 illi
529 1398 602 1450 dorni
617 1409 763 1451 remanent.
800 1397 842 1451 Sic
860 1417 894 1451 ne
915 1417 948 1452 ue
966 1417 1025 1474 ag

97 1468 200 1520 cultura
219 1484 269 1519 nec
282 1468 347 1519 ratio
365 1476 392 1519 at
414 1485 446 1519 ue
465 1484 529 1519 usus
547 1466 611 1520 belli
630 1468 819 1520 intenuittitur.
857 1417 913 1522 Sed
928 1471 1025 1538 prir=

96 1554 130 1590 ac
142 1537 256 1606 separati
274 1538 330 1604 agri
342 1485 413 1604 apud
427 1553 472 1588 eos
485 1536 549 1588 nihil
569 1548 617 1606 est,
631 1555 719 1606 neque
737 1537 842 1604 longius
853 1556 923 1590 anno
936 1555 1025 1590 ren:

98 1624 161 1660 nere
175 1623 225 1659 unc
244 1607 271 1659 t'n
289 1607 346 1658 loco
365 1605 498 1658 incolendi
519 1619 600 1658 causa
619 1606 690 1659 licet.
726 1607 823 1674 Neque
841 1608 954 1660 multum
966 1606 979 1659 f
987 1625 1025 1659 ‘1

97 1686 196 1745 mento,
210 1676 257 1728 sed
270 1676 419 1728 maximam
431 1677 543 1743 partem⁶
555 1675 625 1728 lacte
643 1688 722 1746 atque
736 1693 830 1744 pecore
843 1678 935 1729 vivunt
952 1695 976 1728 m

98 1754 210 1814 tumque
223 1754 284 1797 sunt
303 1746 327 1797 in
341 1745 527 1797 venationibus
534 1761 542 1812 3
560 1762 630 1813 quae
643 1763 685 1797 res
702 1754 730 1797 et
742 1745 794 1797 cibi
807 1758 906 1813 genere
919 1755 944 1798 et
956 1762 1025 1815 q-

98 1816 198 1868 tidiana
221 1815 410 1867 exercitatione
429 1823 455 1865 et
479 1814 602 1867 libertate
620 1817 700 1884 vitae,
720 1815 790 1882 quod
809 1833 826 1867 a
844 1816 932 1884 pueris
948 1828 1025 1869 nt-

97 1885 185 1937 officic
208 1894 254 1937 aut
278 1884 419 1953 disciplina
438 1883 585 1935 assuefacti
607 1882 670 1936 nihil
692 1885 799 1935 omnino
820 1895 910 1937 contra
931 1884 1025 1936 vol·-

98 1963 182 2007 tatum
197 1954 314 2021 laciant‚⁸
325 1962 351 2005 et
364 1954 435 2005 vires
452 1954 499 2005 alit
517 1962 544 2005 et
557 1954 667 2006 immani
686 1970 824 2021 corpomm
837 1945 1025 2022 magnitudi

98 2024 220 2077 homines
232 2023 323 2075 efficit.
360 2026 449 2091 Atque
463 2023 488 2075 in
502 2040 562 2075 eam
573 2041 601 2074 se
611 2022 832 2075 consuetudinem
843 2024 988 2076 adduxeris

96 2102 126 2146 ut
144 2094 209 2146 locis
227 2093 404 2160 frigidissimis
428 2110 515 2160 neque
540 2093 651 2144 vestitus
673 2101 777 2162 praeter
795 2093 881 2161 pelles
903 2093 1025 2146 habe&

96 2162 250 2233 quicquam,
270 2179 382 2231 quarum
406 2172 511 2231 propter
531 2163 707 2230 exiguitatem
726 2178 825 2229 magna
845 2171 886 2215 est
905 2172 1025 2232 00er

96 2250 158 2303 pars
169 2241 269 2301 aperta,
282 2241 308 2284 et
322 2233 442 2283 lavantur
454 2232 480 2283 in
493 2231 655 2284 fluminibus.

132 2307 156 2355 2.
175 2301 370 2354 Mercatoribus
381 2310 421 2354 est
439 2301 473 2353 ad
492 2318 538 2353 eos
556 2300 643 2353 aditus
661 2301 748 2370 magis
766 2318 805 2371 eo,
818 2310 847 2354 ut
866 2319 936 2372 quae
947 2301 999 2356 bet

126 2461 200 2509 ¹Ths
216 2476 274 2520 year
289 2460 346 2509 here
363 2460 501 2509 mentioned
518 2460 538 2508 is
554 2460 596 2508 the
612 2476 670 2520 year
681 2476 704 2508 a.
713 2476 733 2509 c.
746 2464 784 2517 55,
798 2471 822 2509 at
833 2461 876 2509 the
887 2460 1000 2522 beginan

96 2519 124 2568 os
131 2520 212 2568 which
224 2520 264 2566 the
276 2519 382 2567 German
394 2521 479 2575 tribes,
490 2519 531 2566 the
544 2519 659 2578 Usipetes
670 2520 717 2568 and
729 2521 853 2577 Tencteri,
867 2521 967 2569 crossed
978 2530 986 2567 t

97 2579 186 2628 Rhine.
218 2579 257 2625 As
269 2578 309 2625 the
321 2579 408 2625 winter
419 2578 539 2638 belonged
555 2578 635 2638 partly
645 2588 671 2627 to
682 2579 723 2626 the
735 2595 793 2639 year
803 2583 832 2626 56
844 2580 892 2627 and
903 2580 983 2640 partly

94 2643 135 2756 }⁵’
150 2639 242 2686 Caesar
258 2637 369 2696 explains
380 2637 461 2685 which
472 2648 525 2697 part
542 2639 573 2685 he
589 2653 683 2695 means,
698 2641 730 2699 by
740 2639 782 2686 the
793 2638 874 2687 words
886 2641 988 2700 quiana
1011 2643 1025 2669 ‘1

113 2700 158 2746 uit.
578 2744 580 2749 Α

125 2770 200 2818 'The
211 2768 277 2829 point
294 2768 351 2816 here
367 2768 464 2816 alluded
474 2779 499 2817 to
510 2785 591 2817 seems
602 2778 628 2817 to
639 2769 700 2818 have
712 2772 775 2818 been
790 2771 929 2820 somewhat
940 2771 1025 2822 beltr

97 2828 138 2878 the
150 2830 217 2889 place
229 2829 311 2876 where
323 2828 364 2876 the
376 2827 464 2876 Mense
476 2829 545 2877 flows
556 2829 608 2877 into
619 2829 660 2878 the
672 2829 761 2879 Rhine.

125 2902 191 2950 ‘See
203 2902 219 2950 i.
230 2904 268 2951 37.

125 2975 210 3022 ‘That
227 2975 256 3032 is,
270 2975 329 3035 they
342 2975 457 3023 cultivate
472 2975 515 3023 the
530 2975 610 3033 fields‚
628 2976 675 3024 and
691 2976 749 3025 thus
764 2991 865 3037 prepare
882 2980 1025 3039 provisioo

97 3035 133 3083 for
143 3034 292 3081 themselves
304 3034 350 3083 and
362 3035 402 3082 the
414 3035 531 3082 warriors.

125 3109 135 3136 ⁶
145 3106 207 3153 Thi
219 3107 355 3155 accusative
367 3124 423 3167 may
433 3109 464 3155 be
476 3106 569 3155 termed
579 3107 620 3155 the
632 3108 770 3156 accusative
782 3108 810 3156 of
822 3109 965 3170 limitation‚
981 3117 1025 3161 ‘3⁴

97 3165 132 3215 sar
143 3181 170 3213 as
182 3164 222 3211 the
234 3174 340 3224 greatest
352 3176 404 3224 part
415 3167 435 3214 is
447 3165 582 3214 concerned
592 3168 609 3224 ;’
622 3166 674 3214 that
685 3167 715 3224 is,
731 3167 782 3216 ‘for
792 3168 833 3216 the
845 3182 909 3218 most
924 3173 995 3231 part!

126 3237 200 3285 ⁰The
219 3238 372 3297 subjunctive
387 3241 484 3300 sociam
503 3255 584 3287 seems
600 3248 626 3287 to
642 3239 745 3288 indicate
765 3241 817 3289 that
836 3241 880 3292 the
898 3243 1025 3296 German·

97 3295 246 3347 themselves
257 3312 319 3358 gave
330 3297 378 3346 this
390 3308 490 3346 account
502 3298 530 3347 os
536 3298 599 3347 their
609 3299 681 3348 mode
692 3299 720 3348 ol
727 3299 809 3362 living.
