2250 3736
457 277 548 314 ursan
569 278 622 318 vrr.
937 261 997 319 219

76 394 136 438 tum
149 386 264 453 impetus
277 384 446 437 sustinerent.
471 386 514 438 Ab
527 385 569 437 his
581 387 732 454 complures
743 386 778 439 de
792 386 999 458 improvisovul·

76 457 161 508 serati
176 455 274 524 proelio
287 454 463 506 excedebant.
500 455 590 512 Quum
603 473 664 507 suos
677 474 764 524 pugna
777 460 926 526 superiores
939 473 999 508 esse

75 526 146 576 Galli
168 526 330 576 confiderent
352 534 378 574 et
400 533 501 575 nostros
520 525 687 577 multitudine
708 528 793 594 premi
811 528 946 579 viderent:
966 543 999 578 ex

76 595 201 646 omnibus
220 595 337 661 partibus
350 602 376 644 et
390 593 415 662 ii,
431 595 476 661 qui
494 595 687 646 munitionibus
705 597 914 664 continebantur,
928 605 954 648 et
973 596 998 663 ii,

77 665 122 732 qui
148 665 182 714 ad
209 663 340 715 auxilium
365 671 550 731 convenerant,
570 663 687 715 clamore
711 675 738 716 et
763 665 866 718 ululatu
893 682 1001 718 suorum

77 733 182 784 animos
194 731 393 784 confirmabant.
431 731 506 789 Quod
520 732 545 782 in
566 742 709 800 conspectu
728 735 847 787 omnium
867 752 909 786 res
927 751 1001 802 gere·

79 802 164 869 batur,
175 819 263 870 neque
277 809 347 851 recte
361 819 392 852 ao
403 802 511 869 turpiter
521 801 621 853 factum
636 801 718 854 celari
748 814 847 856 oterat:
867 805 1001 871 utrosque¹

78 881 106 922 et
127 871 214 922 laudis
233 870 364 938 cupiditas
385 879 411 920 et
433 872 509 921 timor
523 871 682 938 ignominiae
703 821 747 923 ad
757 873 884 925 virtutem
903 873 1002 924 excita·

78 940 152 993 bant.
189 940 279 997 Quum
291 957 307 989 a
319 939 430 991 meridie
444 957 523 1008 prope
536 940 570 991 ad
584 941 647 992 solis
658 958 782 994 occasum
796 942 879 995 dubia
891 942 1002 993 victoria

78 1020 250 1088 pugnaretur,
264 1010 392 1061 Germani
411 1026 464 1060 una
484 1010 509 1059 in
528 1019 602 1077 parte
621 1010 747 1062 confertis
760 1013 854 1063 turmis
866 1011 894 1063 in
912 1011 1002 1063 hostes

80 1089 211 1146 impetum
225 1078 344 1129 fecerunt
358 1095 457 1146 eosque
471 1078 656 1146 propulerunt:
676 1080 773 1148 quibus
791 1081 817 1133 in
831 1080 922 1148 fugam
941 1097 1002 1132 con·

78 1147 165 1269 pectis,
180 1148 307 1214 sagittarii
321 1147 497 1199 circumventi
510 1148 696 1218 interfectique
716 1159 786 1201 sunt.
823 1151 892 1202 Item
910 1167 944 1201 ex
963 1166 1003 1200 re-

91 1217 162 1284 iquis
175 1217 294 1284 partibus
313 1218 401 1286 nostri,
416 1217 545 1268 cedentes
562 1234 647 1285 usque
666 1218 700 1270 ad
719 1223 806 1270 e'astra
824 1219 945 1286 insecuti,
960 1219 1001 1270 sui

81 1287 224 1353 colligendi
238 1286 391 1337 facultatem
404 1303 457 1336 non
469 1286 607 1338 dederunt.
644 1289 679 1339 At
692 1288 716 1355 ii,
730 1288 776 1357 qui
789 1289 823 1341 ab
839 1289 929 1341 Alesia
937 1304 1016 1408 tpro·r

81 1365 225 1423 cesserant,
245 1356 348 1424 moesti,
368 1372 449 1423 prope
476 1356 585 1407 victoria
611 1355 759 1426 desperata,
779 1375 808 1409 se
827 1358 855 1409 in
873 1359 934 1426 oppi
956 1373 1003 1408 um

81 1434 248 1492 receperunt.

117 1499 159 1545 81.
187 1493 245 1546 Uno
269 1494 313 1545 die
337 1493 487 1545 intermisso
505 1494 583 1561 Galli,
609 1503 690 1562 atque
716 1495 767 1548 hoo
794 1495 879 1564 spatio
905 1511 1002 1562 magno
1053 1493 1055 1496 ⁴

81 1564 203 1630 cratium,
218 1563 357 1629 scalarum,
372 1562 564 1630 harpagonum²
576 1581 686 1615 numero
699 1565 803 1634 effecto,
818 1564 907 1616 media
925 1576 1002 1616 nocto

81 1633 187 1684 silentio
200 1650 233 1683 ex
243 1635 337 1684 eastris
350 1631 458 1701 egressi,
469 1633 501 1683 ad
516 1641 680 1700 campestres
689 1635 849 1686 munitiones
861 1634 1001 1686 accedunt.

81 1702 174 1754 Subito
192 1702 308 1753 clamore
327 1701 439 1770 sublato,
453 1718 506 1769 qua
525 1702 736 1770 significatione,⁸
748 1704 792 1772 qui
805 1704 830 1754 in
844 1703 939 1772 oppido
957 1703 1002 1755 ob·

81 1771 243 1839 sidebantur,
264 1771 298 1822 de
317 1787 364 1822 suo
382 1771 500 1822 adventu
525 1788 685 1838 cognoscere
704 1781 819 1841 possent,
839 1784 927 1824 crates
944 1788 1002 1841 pro·

79 1840 181 1910 jicere,⁴
194 1840 290 1907 fundis,
305 1840 416 1908 sagittiS,
437 1839 570 1907 lapidibus
589 1849 691 1892 nostros
709 1841 743 1893 de
763 1842 832 1892 vallo
851 1842 1001 1909 deturbare,

81 1911 244 1977 reliquaque,
264 1925 333 1976 quae
351 1909 384 1960 ad
404 1910 629 1976 oppugnationem
648 1911 787 1980 pertinent,
807 1911 1001 1963 administrare.

81 1979 187 2030 Eodem
211 1985 337 2047 tempore,
363 1977 479 2029 clamore
505 1978 637 2047 exauditu,
662 1979 707 2031 dat
731 1980 795 2032 tuba
821 1981 928 2048 signum
947 1980 1023 2048 suis⁴

80 2047 281 2114 Vercingetorix
303 2057 384 2115 atque
409 2065 442 2099 err
463 2048 559 2116 oppido
585 2048 684 2100 educit.
721 2050 818 2117 Nostri,
839 2059 867 2102 ut
886 2050 1003 2118 superio·

80 2117 154 2169 ribus
167 2117 263 2168 diebus
281 2134 346 2168 suus
357 2117 455 2185 cuique
468 2117 542 2168 locus
554 2125 610 2168 erat
629 2117 775 2186 definitus,⁶
785 2119 819 2171 ad
839 2121 1002 2171 munitiones

79 2186 229 2253 accedunt3
248 2185 345 2253 fundiS,
360 2186 498 2237 librilibus⁰
511 2186 684 2255 sudibusque,
698 2204 765 2255 quas
784 2188 902 2257 inopere
915 2188 1002 2256 dispo·

79 2264 196 2322 suerent,
211 2273 242 2307 ao
260 2255 402 2321 glandibus
420 2254 511 2307 Gallos
529 2264 683 2322 perterrent.
721 2258 863 2325 Prospectu
883 2257 1001 2309 tenebris

78 2324 196 2392 ademto,
215 2324 300 2376 multa
318 2325 452 2392 utrimque
471 2324 581 2375 vulnera
599 2326 779 2394 accipiuntur,
798 2327 933 2395 complura
953 2335 1003 2378 tor·

79 2395 179 2446 mentis
197 2393 250 2445 tela
270 2393 452 2462 conjiciuntur.
489 2396 524 2445 At
545 2394 585 2445 M.
604 2395 736 2447 Antonius
756 2405 782 2447 et
802 2397 830 2448 C.
844 2396 1001 2464 Trebonius,

109 2560 213 2607 ¹Before
226 2569 337 2619 utrosque
348 2576 385 2607 we
398 2570 462 2608 must
479 2560 567 2620 supply
579 2569 608 2617 et,
623 2562 810 2622 corresponding
822 2563 881 2609 with
893 2561 934 2608 ths
946 2577 999 2620 pre·

78 2621 166 2679 oeding
177 2636 268 2678 aequm·
283 2621 323 2666 but
336 2619 435 2675 Caesar,
449 2619 484 2667 for
495 2620 535 2666 the
548 2620 606 2667 sake
616 2620 644 2667 of
651 2621 791 2678 animation,
802 2622 892 2681 prefers
904 2621 1001 2681 putting

77 2680 120 2727 the
132 2681 227 2725 clauses
239 2679 350 2737 together
362 2680 464 2726 without
476 2678 517 2726 the
529 2680 691 2727 cou'unction.

107 2741 116 2766 ²
128 2738 284 2798 Harpogoaes
297 2753 360 2784 were
378 2739 434 2797 long
451 2738 518 2796 poles
530 2696 589 2785 witlr
601 2748 685 2798 strong
701 2739 753 2787 iron
764 2738 842 2787 hoohs
854 2749 877 2786 at
889 2738 930 2785 the
941 2738 997 2794 end,

77 2796 114 2845 for
124 2797 166 2844 the
178 2812 281 2854 purpose
293 2796 321 2844 of
328 2798 421 2856 pulling
432 2797 503 2844 down
514 2797 591 2844 either
602 2798 643 2844 the
653 2798 721 2845 walls
734 2798 891 2852 themselves,
902 2813 929 2844 or
940 2813 998 2856 any·

78 2857 148 2915 thing
159 2855 255 2902 erected
267 2871 330 2913 upon
343 2857 384 2903 the
396 2857 465 2903 walls
477 2856 513 2903 for
525 2856 565 2903 the
582 2871 685 2915 purpose
701 2857 730 2904 of
741 2858 876 2918 protecting
893 2857 933 2903 tho
950 2856 997 2904 sol·

77 2915 142 2963 diers
153 2915 229 2962 ofthe
241 2915 364 2973 besieged.

107 2973 182 3079 ’βω
193 2975 368 3033 significatione
375 2991 386 3029 ,·
405 2974 455 3021 that
468 2974 497 3028 is,
511 2983 536 3020 at
549 2991 575 3020 eo
586 2975 894 3036 significatione-possent.
940 3033 944 3040 Ι

107 3034 115 3061 ⁴
149 3035 245 3092 rejicere
256 3032 303 3079 and
315 3033 356 3080 the
368 3033 492 3092 following
508 3033 638 3080 infinitives
650 3050 689 3081 are
701 3034 845 3093 descriptive
857 3033 997 3082 intinitrves.

77 3092 125 3139 See
137 3093 151 3138 i.
167 3095 202 3147 16,
216 3095 312 3148 note5;
331 3093 377 3139 and
388 3108 411 3139 v.
424 3095 446 3147 6,
460 3103 516 3139 note
528 3097 550 3141 7.

105 3151 264 3211 lDefinitus,⁸
283 3149 334 3197 that
347 3152 376 3206 is,
389 3153 529 3206 attributus,
545 3150 690 3211 ‘assigned'

105 3210 227 3257 'Librilia
245 3225 284 3256 are
302 3220 384 3258 stones
402 3210 429 3257 of
444 3227 458 3257 a
473 3211 553 3268 pound
571 3211 596 3257 in
612 3211 712 3270 weight,
727 3211 807 3260 which
819 3227 884 3258 were
901 3209 997 3261 thrown

75 3269 169 3375 ugqipst
182 3268 223 3315 the
228 3283 323 3376 pnemy
333 3272 364 3328 by
373 3286 456 3317 means
467 3269 496 3317 of
502 3270 587 3329 slings.
620 3270 770 3331 Respecting
781 3271 823 3318 the
831 3273 943 3333 glandes,
953 3286 996 3320 seo

74 3341 98 3375 V.
142 3337 216 3378 ,ηοῐθ
245 3363 251 3375 .
