2250 3736
483 253 575 293 ursus
595 253 649 294 vrr.
972 241 1032 300 223

106 362 185 419 nibus
198 361 390 416 munitionibus
401 361 510 415 clamor.
546 362 642 431 Nostri,
656 363 762 416 omissis
780 363 849 433 p1lie,
862 363 958 433 gladiis
975 383 1031 420 rem

105 442 210 501 gerunt.
246 434 366 500 Repente
387 442 445 501 post
468 441 572 498 tergum
593 433 727 501 equitatus
751 435 882 487 cernitur:
910 436 1031 489 cobortes

105 503 175 554 aliae
188 503 412 571 appropinquant:
427 501 518 552 hostes
529 508 603 569 terga
617 511 735 555 vertunt:
749 503 913 570 fugientibus
926 506 1031 573 equites

105 581 258 623 occurrunt:
277 571 306 622 fit
324 588 422 638 magna
435 570 542 622 caedes.
579 571 709 640 Sedulius,
723 573 778 625 dux
795 581 822 625 et
840 574 963 652 princeps
982 575 1030 626 Le·

105 643 250 710 moricum,
269 640 413 693 occiditur:
433 639 651 707 Vergasillaunus
668 642 805 693 Arvernus
823 659 901 694 vivus
919 646 944 695 in
965 643 1026 712 fuga

105 710 355 779 comprehenditur:
376 711 452 778 signa
465 710 588 762 militaria
601 727 692 763 Lxxrv.
705 710 738 763 ad
752 711 895 764 Caesarem
913 713 1024 765 referun·

106 791 162 832 tur.
181 780 260 849 pauci
274 798 309 834 ex
320 788 392 832 tanto
405 797 515 832 numero
529 797 557 831 se
572 780 719 833 incolumes
739 781 763 832 in
783 791 870 832 castra
890 783 1020 850 recipiunt

104 849 256 918 Conspicati
280 867 315 903 ex
334 850 430 919 oppido
454 849 568 902 caedem
589 859 614 901 et
639 849 732 917 fugam
753 866 868 917 suorum,
888 850 1028 919 desperata

104 918 199 988 salute,
220 921 310 988 copias
333 937 350 972 a
374 918 567 971 munitionibus
590 917 728 971 reducunt.
751 919 807 971 'Fit
831 921 958 989 protinus,
977 920 1029 974 hac

104 1005 133 1040 re
157 989 256 1058 audita,
282 1006 316 1041 ex
339 989 433 1041 castris
457 987 593 1040 Gallorum
623 987 695 1055 fuga.
743 988 818 1046 Quod
849 989 898 1041 nisi
929 990 1030 1043 crebris

104 1057 234 1110 subsidiis
251 1075 282 1110 ac
302 1058 382 1110 totius
399 1057 453 1109 diei
472 1057 561 1108 labore
579 1057 679 1109 milites
697 1068 786 1110 essent
805 1057 922 1126 defessi,¹
934 1076 1029 1112 omues

104 1126 223 1179 hostium
243 1128 336 1195 copiae
357 1127 441 1179 deleri
459 1127 615 1195 potuissent.
653 1127 693 1179 De
717 1127 806 1179 media
829 1136 906 1179 nocte
930 1129 1029 1181 missus

103 1197 239 1264 equitatus
257 1196 433 1249 novissimum
452 1213 549 1264 agmen
568 1196 752 1264 consequitur:
772 1213 887 1264 magnus
902 1214 1028 1250 uumerus

102 1267 204 1386 gapiter
224 1274 305 1335 atque
326 1265 487 1335 interficitur,
504 1265 598 1335 reliqui
618 1281 652 1318 ex
672 1264 737 1334 fuga
754 1267 779 1318 in
801 1267 923 1318 civitates
942 1266 1029 1318 disce·

122 1345 179 1388 unt.

138 1409 181 1457 89.
209 1406 316 1457 Postero
339 1404 384 1456 die
405 1403 612 1472 Vercingetorix,
634 1403 747 1456 concilio
770 1414 922 1471 convocato,
947 1404 972 1456 id
997 1397 1027 1457 se

102 1470 203 1526 bellum
223 1474 373 1542 suscepisse
392 1490 443 1526 non
463 1490 571 1524 suarum
590 1474 799 1541 necessitatum,²
811 1474 858 1526 sed
877 1475 1027 1527 communis

102 1541 232 1595 libertatis
244 1560 333 1612 causa,
347 1543 525 1611 demonstrat,
545 1551 570 1593 et
590 1543 717 1610 quoniam
736 1544 769 1594 sit
788 1542 909 1595 fortunae
927 1545 1027 1596 ceden-

102 1610 175 1680 dum,
196 1613 229 1665 ad
250 1622 391 1680 utramque
413 1630 468 1664 rem
493 1629 522 1663 se
543 1611 595 1663 illis
614 1611 717 1679 offerre,
738 1629 785 1664 seu
804 1622 890 1664 morte
909 1629 957 1664 sua
977 1614 1026 1665 Ro·

101 1685 190 1733 manis
214 1682 377 1750 satisfacere,
397 1699 442 1734 seu
463 1681 554 1733 vivum
577 1681 681 1732 tradere
699 1681 791 1733 velint.
828 1681 972 1734 Mittuntur
990 1682 1026 1734 de

102 1749 144 1801 his
164 1751 244 1803 rebus
264 1751 297 1803 ad
318 1753 461 1804 Caesarem
484 1750 573 1818 legati.
610 1749 690 1804 Jubet
710 1767 785 1803 arma
804 1751 878 1820 tradi,
892 1751 1026 1820 principes

101 1820 220 1887 produci.
257 1821 318 1888 lpse
341 1822 365 1871 in
387 1821 536 1873 munitione
556 1836 602 1889 pro
625 1821 718 1872 castris
736 1820 871 1874 consedit:
891 1837 923 1872 eo
941 1820 1025 1873 duces

100 1889 288 1956 producuntur.
324 1889 525 1958 Vercingetorix
542 1889 656 1958 deditur,
669 1907 743 1942 arma
758 1889 938 1959 projiciuntur.
974 1891 1025 1943 Re-

101 1958 323 2012 servatisAeduis
335 1969 416 2028 atque
429 1958 563 2027 Arvernis,
574 1960 596 2011 si
609 1976 656 2027 per
667 1976 714 2012 eos
725 1960 847 2012 civitates
859 1959 1025 2028 recuperare'

100 2038 197 2096 posset,
211 2045 246 2080 ex
263 2028 374 2098 reliquis
388 2030 503 2098 captivis
516 2037 570 2081 toto
583 2028 711 2082 exercitn⁴
722 2029 810 2099 capita
827 2028 932 2098 singula
949 2045 1024 2098 prae·

99 2097 150 2148 dae
164 2099 271 2149 nomine
284 2097 424 2151 distribuit.
593 2096 596 2102 ’

135 2172 175 2218 90.
195 2168 244 2219 His
263 2167 342 2220 rebus
360 2167 488 2220 consectis
506 2167 532 2219 in
551 2168 661 2220 Aeduos
678 2168 867 2246 proficiscitur:
885 2168 1024 2220 civitatem

99 2237 202 2305 recipit.
239 2238 278 2290 Eo
302 2237 383 2304 legati
406 2237 441 2290 ab
465 2237 592 2289 Arvernis
616 2237 698 2305 missi,
723 2254 793 2306 quae
817 2237 967 2305 imperaret,
993 2254 1023 2288 se

100 2305 215 2358 facturos
234 2306 399 2374 pollicentur.
441 2307 557 2375 Imperat
578 2323 706 2373 magnum
726 2323 870 2359 numerum
889 2306 1022 2358 obsidum.

100 2375 231 2442 Legiones
249 2377 274 2427 in
300 2376 412 2429 hiberna
435 2377 530 2428 mittit:
558 2376 722 2442 captivorum
752 2374 856 2428 circiter
879 2393 924 2429 xx.
945 2375 1022 2428 milia

98 2444 203 2496 Aeduis
221 2446 400 2513 Arvernisque
419 2444 521 2496 reddit:
541 2445 573 2496 T.
584 2444 731 2496 Labienum
750 2443 855 2497 duabus
867 2461 930 2496 cum
943 2444 1022 2512 legio·

99 2514 178 2566 nibus
190 2522 216 2565 et
229 2515 348 2583 equitatu
368 2514 395 2566 in
413 2514 550 2582 Sequanos
566 2513 698 2583 proficisci
708 2511 799 2583 jubet:
818 2512 882 2566 huic
894 2514 935 2566 M.
947 2513 1022 2567 Sern-

126 2706 133 2733 ¹
144 2703 234 2752 Essent
246 2706 345 2765 deferar}
364 2706 416 2753 that
428 2704 457 2761 is,
464 2704 576 2765 fuissent
586 2702 681 2772 defessi,
713 2702 847 2771 Respectin
873 2701 923 2751 this
937 2718 981 2751 use
992 2703 1020 2752 of

95 2763 382 2879 nepaqurrpqrgeppinstead
392 2764 420 2812 cf
428 2765 468 2813 the
480 2761 614 2822 plupertect
625 2764 789 2822 subjunctive,
800 2777 842 2810 see
876 2771 953 2821 umpt‚
964 2761 1020 2812 lat.

124 2909 302 2960 ’Necessitates
313 2912 370 2959 here
382 2926 422 2959 ore
436 2909 599 2958 ‘connexione
611 2907 639 2956 of
650 2907 782 2967 friendship
793 2923 820 2956 or
830 2908 1004 2968 relationship.'

110 2998 407 3105 s’ffecapprarecivitotes
419 2998 440 3046 is
453 3002 493 3045 ‘to
506 3010 606 3045 recover
622 2995 664 3043 the
681 2993 814 3054 friendship
831 2994 878 3043 aud
894 2993 1022 3056 good-will

94 3072 109 3104 ο
134 3074 142 3104 r
162 3069 225 3105 esta
237 3059 281 3106 es’

123 3146 132 3172 ⁴
145 3143 204 3190 Toto
215 3147 326 3200 ornata,
342 3145 380 3192 ‘in
392 3143 433 3191 tlre
444 3142 524 3191 whole
536 3158 587 3189 arm
608 3141 624 3196 ,’
638 3140 679 3188 the
695 3140 801 3188 ablativo
818 3140 891 3201 being
906 3140 968 3189 used
984 3140 1018 3188 irr-

94 3202 164 3270 stead
175 3202 203 3271 of
208 3221 251 3272 per
259 3213 334 3252 totum
344 3205 477 3257 exaratum,
489 3157 653 3269 ‘througlrout
664 3199 705 3247 the
717 3216 767 3247 erm
787 3199 801 3267 3¹
829 3199 935 3267 Singula
942 3201 1021 3262 capite

93 3275 134 3310 ere
145 3261 306 3311 mdrrrdualsr
327 3263 372 3310 ‘he
384 3276 445 3324 gave
456 3275 501 3308 one
509 3270 609 3320 captive
621 3269 647 3306 to
658 3259 718 3306 each
729 3257 757 3308 of
819 3257 940 3308 soldiers!
