2250 3736
99 235 156 292 176
398 255 439 294 nu
461 254 558 292 auaro
580 252 716 291 enumco.

98 358 229 427 Bituriges
252 364 399 415 artronum
425 361 545 432 reducit,¹
568 369 649 428 atque
678 360 739 412 inde
764 360 901 428 profectus
925 361 1024 428 Gergo-

98 431 188 497 viam,²
207 431 328 485 Boiorum
353 431 488 501 oppidum,
510 447 576 500 quos
600 430 636 482 ibi
657 430 797 481 Helvetico
818 430 919 498 proelio
940 432 1024 481 victos

97 500 193 550 Caesar
206 500 380 553 collocaverat
392 502 549 568 Aeduisque
561 500 722 566 attribuerat,
732 515 888 566 oppugnare
901 499 1024 550 instituit.

134 573 172 619 10.
191 569 319 637 Magnam
342 570 409 623 haec
431 588 472 622 res
492 570 599 622 Caesari
619 568 806 620 difficultatem
826 569 861 620 ad
881 567 1024 620 consilinm

97 638 255 705 capientium
270 640 414 692 afferebat:
434 640 455 691 si
470 639 715 707 reliquampartem
732 637 830 689 hiemis
849 654 901 689 uno
921 638 949 688 in
968 637 1025 687 loco

97 705 216 773 legiones
239 710 392 777 contineret,
412 709 456 760 ne⁸
479 707 655 776 stipendiariis
675 707 829 759 Aeduorum
854 707 1024 775 expugnatis,

97 786 194 828 cuncta
206 779 293 831 Gallia
306 779 440 846 deficeret,
454 778 524 846 quod
537 777 641 828 nullum
659 777 752 828 amicis
765 777 791 828 in
805 778 846 828 e0⁴
859 775 1024 844 praesidium

97 845 200 898 videret
218 850 332 916 positum
352 864 428 900 esse:
448 849 488 899 ain
507 847 636 898 maturius
655 863 688 898 ex
708 845 825 897 hibernis
838 845 977 913 educeret,
991 861 1025 896 ne

97 914 142 966 abl
154 933 181 966 re
194 917 366 968 frumentaria
384 917 457 969 duris
475 914 693 968 subvectionibus
708 915 846 966 laboraret.
886 914 1026 966 Praestare

98 985 184 1036 visum
210 995 250 1038 est
275 996 373 1055 tamen,
395 1003 489 1039 omnes
513 984 684 1036 difficultates
707 983 818 1053 perpeti,
843 1000 927 1051 quam
954 991 1027 1035 tanta

99 1056 261 1106 contumelia
290 1067 408 1124 accepta,
433 1055 554 1107 omnium
584 1071 691 1105 suorum
717 1053 868 1104 voluntates
896 1051 1026 1103 alienare.

95 1122 191 1191 Itaque
212 1125 362 1177 cohortatus
381 1124 491 1178 Aeduos
511 1124 545 1175 de
566 1123 743 1191 supportando
763 1131 927 1188 commeatu,
950 1139 1026 1190 prae·

99 1193 178 1244 mittit
197 1193 231 1246 ad
250 1195 333 1263 Boios,
347 1195 393 1263 qui
409 1195 442 1246 de
456 1211 503 1245 suo
516 1192 633 1244 adventu
651 1192 762 1243 doceant
781 1190 984 1258 hortenturque,
997 1198 1027 1243 ut

99 1261 124 1312 in
144 1261 197 1313 fide
215 1276 341 1315 maneant
359 1279 440 1332 arque
459 1263 573 1314 hostiurn
593 1262 722 1329 impeturn
743 1277 839 1328 magno
858 1261 950 1311 animo
970 1277 1026 1312 sus·

100 1331 207 1383 tineant.
245 1333 356 1385 Duabus
380 1333 522 1400 Agendici⁶
545 1331 694 1398 legionibus
717 1343 798 1398 atque
823 1330 1028 1398 impedimentis

99 1401 179 1452 totius
192 1403 324 1453 exercitus
337 1403 442 1469 relictis,
455 1402 488 1452 ad
502 1401 579 1454 Boios
591 1400 773 1469 proficiscitur.

138 1477 177 1520 11.
195 1470 286 1522 Altero
299 1472 342 1522 die
355 1488 437 1539 quum
451 1471 484 1522 ad
498 1470 623 1538 oppidum
638 1469 771 1521 Senonum
780 1467 1028 1521 Vellaunodunum'

100 1538 225 1608 venisset,
236 1558 269 1592 ne
282 1558 363 1609 quem
376 1549 434 1609 post
448 1557 476 1591 se
490 1540 593 1591 hostem
613 1539 781 1607 relinqueret,
795 1555 847 1606 quo
860 1538 1027 1606 expeditiore

100 1624 128 1659 re
146 1607 319 1661 frumentaria
336 1619 460 1678 uteretur,
474 1625 626 1678 oppugnare
646 1608 757 1659 instituit
778 1607 858 1676 idque
879 1607 961 1658 biduo
978 1607 1027 1659 cir·

101 1678 288 1731 cumvallavit:
309 1680 384 1730 tertio
396 1679 441 1730 die
461 1679 549 1730 missis
562 1696 595 1729 ex
607 1677 704 1746 oppido
717 1678 811 1744 legatis
826 1676 860 1728 de
881 1677 1026 1746 deditione,

100 1762 175 1797 arma
194 1748 310 1816 proferri,
332 1748 453 1818 jumenta
473 1748 588 1816 produci,
603 1764 646 1799 uc.
659 1745 767 1798 obsides
787 1746 842 1798 dari
862 1745 949 1814 jubet.
988 1748 1029 1799 Ea

100 1816 146 1883 qui
171 1817 320 1886 conficeret,
347 1820 374 1870 C.
395 1817 557 1869 Trebonium
587 1816 705 1883 legatum
736 1815 875 1883 relinquit:
904 1816 973 1884 ipse,
998 1825 1028 1868 ut

100 1901 182 1952 quam
211 1887 327 1954 primum
358 1887 408 1938 iter
431 1886 550 1953 laceret,⁸
572 1885 714 1938 Genabum
738 1886 885 1937 Camutum
909 1886 1028 1954 proficis·

100 1954 176 2020 citur,
207 1956 260 2025 qui,
293 1964 351 2008 tum
381 1956 497 2024 primum
527 1955 607 2006 allato
642 1954 734 2011 nuntio
763 1954 797 2006 de
827 1956 1028 2023 oppugnatione

102 2021 304 2092 Vellaunoduni,
329 2042 412 2092 quum
443 2025 546 2092 lougius
570 2031 640 2076 eam⁹
665 2040 721 2074 rem
746 2024 857 2075 ductum
882 2024 912 2075 iri
937 2024 1028 2076 exist-i·

100 2101 212 2160 marent,
226 2094 388 2163 praesidium
401 2094 505 2146 Genabi
525 2093 616 2146 tuendi
635 2109 724 2161 causa,
738 2093 808 2160 quod
828 2109 859 2143 eo
878 2093 1026 2162 mitterent,

99 2163 296 2230 comparabant.
343 2164 399 2215 Huc
423 2163 504 2215 biduo
528 2163 663 2232 pervenit:
695 2165 788 2213 castris
810 2170 872 2212 ante
897 2162 1029 2230 oppidum

129 2270 136 2294 ¹
147 2267 245 2314 Rursus
257 2271 355 2324 reducit,
367 2285 381 2315 a
392 2269 516 2326 pleonasm
528 2267 607 2314 which
620 2267 640 2314 is
648 2282 708 2326 very
718 2281 832 2313 common
842 2266 867 2312 in
878 2266 920 2313 the
932 2282 990 2314 case
1003 2273 1026 2314 ot

100 2342 195 2381 rursus,
211 2326 269 2373 with
281 2343 295 2374 a
306 2330 363 2375 verb
376 2328 466 2386 having
478 2327 518 2373 the
530 2325 606 2384 prefix
619 2343 651 2373 re.

128 2401 137 2426 ⁹
149 2398 275 2459 Gergovia,
289 2400 313 2446 in
324 2401 365 2447 the
377 2411 479 2458 country
488 2399 516 2446 ol
528 2399 568 2445 the
580 2398 681 2453 Boione,
694 2407 781 2445 cannot
793 2396 853 2444 with
864 2397 967 2444 certaint
997 2399 1029 2446 be

99 2456 223 2505 identified
231 2458 290 2505 with
302 2460 455 2518 anymodern
467 2470 542 2514 town,
552 2458 644 2518 though
656 2473 724 2505 some
736 2457 831 2504 believe
843 2457 860 2503 it
871 2466 898 2503 to
909 2458 940 2503 be
984 2473 1017 2505 ou

100 2515 146 2563 lins
157 2533 187 2563 en
199 2516 375 2565 Bourbonnois.

128 2588 137 2615 ²
147 2587 202 2633 The
213 2605 244 2634 ue
254 2587 311 2635 here
323 2587 430 2646 depende
441 2603 506 2645 upon
523 2601 592 2633 some
603 2587 662 2633 verb
680 2582 796 2641 denoting
809 2580 893 2637 ‘fear,'
906 2581 991 2629 which
1008 2582 1030 2630 is

100 2644 199 2703 implied
210 2646 234 2692 in
246 2647 286 2693 the
298 2647 428 2706 preceding
439 2646 507 2692 word
518 2647 684 2706 dffeultotem.

128 2717 176 2765 ‘Iu
194 2735 230 2774 eo;
249 2719 301 2766 that
319 2720 348 2775 is,
370 2720 408 2765 ‘in
427 2718 543 2773 Caesar;’
565 2718 606 2765 the
624 2716 719 2772 subject
736 2712 764 2760 of
781 2714 868 2760 videret
883 2711 907 2778 js
926 2711 1027 2778 Gallae.-

102 2777 182 2824 ‘since
194 2777 226 2824 all
237 2777 301 2824 Gaul
310 2777 392 2825 would
403 2793 444 2824 see
456 2777 508 2823 that
519 2776 550 2823 he
562 2792 613 2823 was
624 2774 712 2822 unable
724 2783 749 2819 to
760 2780 853 2830 protect
865 2769 903 2816 hrs
914 2769 1028 2819 friends!
1070 2785 1076 2796 ·

128 2850 201 2897 ⁶'l'he
213 2851 308 2898 obhere
320 2851 438 2898 indicates
450 2849 491 2897 the
503 2864 588 2896 source
602 2847 630 2895 of
643 2847 683 2894 the
695 2844 802 2905 posslble
814 2842 939 2910 suffering.
974 2844 1018 2892 Du

99 2923 140 2955 roe
150 2911 308 2957 subvectiones
320 2926 359 2957 are
374 2910 429 2956 ‘the
442 2908 562 2956 laborious
576 2908 623 2955 and
639 2905 740 2954 difficult
752 2918 820 2962 ways
836 2903 861 2948 in
872 2901 954 2948 which
972 2908 1029 2960 pro·

99 2967 190 3013 visione
202 2982 241 3013 are
253 2977 278 3015 to
289 2971 318 3016 be
330 2968 443 3016 obtained
455 2983 481 3014 or
492 2966 620 3025 supplied!

128 3033 300 3094 “Agendum
333 3036 380 3083 See
391 3036 422 3083 vi.
434 3039 473 3092 44,
487 3045 543 3082 note
555 3037 577 3082 8.

128 3107 137 3134 ⁷
152 3105 367 3162 Vellaunodunum,
377 3118 465 3156 atown
475 3106 614 3155 mentioned
623 3107 721 3165 onlyby
729 3104 828 3157 Caesar,
837 3115 919 3148 seems
928 3109 955 3149 to
964 3102 1031 3154 have

99 3163 161 3213 'been
173 3166 278 3214 situated
290 3169 401 3214 between
414 3167 568 3227 Agendicum
582 3166 663 3221 (Sens)
675 3165 722 3212 and
734 3163 863 3210 Genabum
874 3159 1016 3218 (Orloans).

128 3238 263 3297 'Namely,
277 3249 302 3286 to
314 3239 443 3298 Gergovia,
458 3250 483 3287 to
494 3239 578 3286 attack
588 3237 781 3296 Vercingetorix.

128 3309 208 3357 'Eam
219 3327 277 3367 rem‚·
296 3311 389 3366 thetis,
402 3314 599 3374 oppugnationem
609 3311 675 3357 urbia
690 3303 878 3368 Velluurruduui⁶
