2250 3736
487 237 579 276 urnas
600 238 631 278 11.
778 212 780 216 ’
983 225 1022 282 65

89 343 205 412 busque
216 345 366 398 constitutis
378 343 564 413 magnitudine
582 362 700 415 operum,
714 362 784 415 qnae
802 363 891 416 noque
903 347 1023 402 viderant

89 424 161 467 ante
175 415 245 468 Galli
257 432 345 484 neque
359 415 508 484 audierant,
522 424 549 466 et
562 415 697 467 celeritate
714 418 892 470 Romanorum
909 420 1023 486 permoti

91 484 204 552 legatos
232 483 265 535 ad
295 486 440 536 Caesarem
464 484 498 535 de
523 484 657 536 deditione
687 486 796 538 mittunt
820 495 847 538 et
870 489 1025 556 petentibus

91 554 199 623 Remis,
212 563 241 607 ut
253 561 480 623 conservarentur,
494 553 645 623 impetrant.
960 568 964 578 ·

138 628 178 675 13.
197 625 294 676 Caesar
304 622 445 675 obsidibus
462 624 586 691 acceptis,
600 623 693 692 primis
711 623 824 676 civitatis
841 638 922 693 arque
940 626 1024 695 ipsius

93 692 204 746 Galbae
214 694 282 761 regis
294 692 401 745 duobus
412 691 481 761 filiis,
492 693 627 761 armisque
640 693 765 747 omnibus
774 711 808 745 ex
816 695 913 762 oppido
922 697 1025 748 traditis

93 763 123 815 in
140 761 305 815 deditionem
323 762 479 814 Suessiones
497 764 601 831 accepit
614 763 816 830 exercitumque
830 765 856 814 in
869 765 1025 818 Bellovacos

93 831 183 884 ducit.
220 832 270 890 Qui
283 849 346 884 cum
359 848 389 882 se
402 847 504 898 suaque
517 832 606 883 omnia
619 832 645 884 in
658 831 787 900 oppidum
800 832 1026 902 Bratuspantium¹

94 899 283 970 contulissent,
296 910 378 969 atque
391 900 425 952 ab
438 917 469 951 eo
482 900 577 969 oppido
590 902 764 954 Caesareum
783 903 902 954 exercitu
920 903 1025 957 circiter

93 969 176 1023 milia
187 987 313 1037 passuum
323 971 442 1039 quinque
455 969 568 1039 abesset,
579 987 673 1023 omnes
686 970 800 1040 majores
812 981 876 1023 natu
885 989 918 1024 ex
928 973 1025 1042 oppido

93 1039 203 1106 egressi
215 1057 311 1092 manus
323 1039 358 1091 ad
371 1040 515 1090 Caesarem
528 1040 639 1091 tendere
651 1049 677 1092 et
690 1057 755 1093 voce
769 1040 917 1108 significare
930 1059 1025 1111 coepe·

94 1116 161 1160 runt
181 1125 240 1160 sese
259 1109 284 1161 in
303 1108 363 1178 ejus
380 1108 463 1159 fidem
481 1125 514 1160 ac
533 1117 692 1177 potestatem
711 1110 803 1161 venire
829 1127 916 1177 neque
935 1120 1025 1164 contra

94 1176 229 1246 populum
242 1178 392 1230 Romanum
405 1178 486 1228 armis
499 1178 668 1230 contendere.
693 1179 770 1248 Item,
780 1196 842 1230 curn
852 1179 886 1230 ad
896 1180 1025 1249 oppidum

93 1247 259 1299 accessisset
272 1256 413 1314 castraque
426 1246 463 1298 ibi
476 1256 592 1315 poneret,
606 1248 681 1316 pueri
697 1248 877 1316 mulieresque
897 1265 931 1299 ex
950 1266 1024 1302 muro

94 1317 189 1386 passis
201 1316 324 1368 manibus
337 1332 384 1368 suo
396 1332 470 1367 more
482 1333 578 1384 pacem
591 1317 626 1369 ab
638 1317 765 1369 Romanis
777 1318 919 1385 petierunt.

139 1391 179 1437 14.
199 1386 247 1437 Pro
265 1385 307 1437 his
325 1386 474 1438 Divitiaous
492 1387 566 1456 (nam
584 1394 644 1455 post
662 1387 811 1438 discessum
831 1387 972 1454 Belgarum
986 1382 1028 1440 di·'

94 1453 191 1507 missis
203 1454 357 1507 Aeduorum
370 1454 452 1523 copiis
463 1454 497 1506 ad
511 1472 572 1507 eum
587 1455 742 1525 reverterat)
756 1455 818 1507 lacit
827 1457 924 1509 rerba:
938 1455 1025 1508 Bello-

94 1540 183 1574 vacos
203 1525 410 1592 omnitempore
431 1524 456 1575 in
475 1524 529 1576 fide
548 1532 629 1593 atque
648 1526 766 1576 amicitia
785 1525 900 1577 civitatis
912 1526 1025 1578 Aeduae

94 1592 200 1644 fuisse:
219 1593 348 1662 impulsos
367 1593 401 1645 ab
422 1593 478 1645 suis
498 1594 667 1662 principibus,
681 1594 726 1662 qui
748 1594 867 1646 dicerent
880 1594 989 1647 Aeduos
1008 1613 1025 1648 a

95 1662 216 1713 Caesare
229 1663 255 1714 in
271 1663 427 1714 servitutem
446 1663 568 1714 redactos
586 1680 680 1715 omnes
697 1663 869 1730 indignitates
888 1671 1025 1716 contume-

95 1731 205 1798 liasque
226 1731 350 1801 perferre,
367 1739 394 1782 et
413 1731 447 1783 ab
465 1732 569 1784 Aeduis
588 1732 722 1784 deiecisse
742 1742 768 1784 et
789 1733 885 1801 populo
905 1734 1024 1786 Romano

95 1799 202 1852 bellum
224 1800 353 1853 intulisse.
390 1800 442 1858 Qui
462 1801 521 1870 ejus
541 1802 644 1854 consilii
663 1802 807 1870 principes⁹
819 1802 940 1872 luissent,
954 1803 1023 1870 quod

95 1868 286 1939 intelligerent,
311 1877 440 1938 quantam
470 1870 652 1923 calamitatem
681 1871 782 1922 civitati
814 1871 972 1941 intulissent,
997 1873 1024 1925 in

95 1938 263 1991 Britanniam
287 1939 444 2007 profugisse.
481 1940 576 1992 Petere
600 1956 653 1992 non
676 1940 763 1992 solum
787 1940 949 2010 Bellovacos,
976 1942 1024 1994 sed

95 2007 184 2059 etiam
203 2025 248 2077 pro
261 2008 304 2060 his
315 2008 432 2077 Aeduos,
447 2017 476 2061 ut
494 2026 543 2060 sua
561 2009 706 2061 clementia
723 2026 755 2061 ac
773 2010 978 2062 mansuetudine
997 2012 1023 2064 in

95 2092 147 2128 eos
167 2085 264 2129 utatur.
301 2077 377 2135 Quod
399 2077 420 2128 si
442 2077 543 2147 lecerit,
565 2078 721 2130 Aeduorum
744 2080 929 2132 auctoritatem
952 2081 1024 2148 apud

95 2161 194 2197 omnes
207 2146 303 2212 Belgas
314 2146 556 2216 amplificaturum3
574 2163 686 2216 quorum
699 2148 807 2200 auxiliis
826 2158 906 2216 atque
919 2150 1022 2221 opibus,

96 2215 123 2266 si
136 2231 190 2283 qua
201 2216 272 2268 bella
285 2216 434 2283 inciderint,
449 2225 599 2268 sustentare
613 2218 771 2268 consuerint.

138 2289 176 2336 15.
195 2285 293 2336 Caesar
311 2285 417 2337 honoris
435 2285 561 2337 Divitiaci
584 2294 665 2354 atque
683 2286 838 2338 Aeduorum
863 2303 945 2338 causa
963 2304 1023 2340 sese

95 2369 147 2404 eos
165 2353 192 2405 in
209 2353 291 2406 fidem
310 2363 481 2422 recepturum
500 2362 527 2406 et
546 2363 762 2413 conservaturum
776 2355 858 2407 dixit:
877 2356 948 2424 quod
967 2367 1023 2410 erat

95 2422 194 2474 civitas
205 2440 303 2491 magna
315 2423 384 2475 inter
395 2423 492 2490 Belgas
504 2425 660 2475 auctoritate
678 2438 759 2492 arque
777 2424 915 2477 hominum
933 2426 1023 2478 multi·
1056 2477 1067 2495 ,

96 2491 192 2544 tudine
216 2491 376 2560 praestabat,
397 2501 538 2545 sexcentos
556 2493 666 2545 obsides
688 2495 816 2562 poposcit.
852 2494 901 2545 His
921 2495 1023 2548 traditis

95 2561 279 2630 omnibusque
303 2563 388 2613 armis
411 2578 446 2614 ex
469 2562 565 2631 oppido
589 2561 693 2614 collatis
715 2563 750 2614 ab
770 2579 802 2615 eo
823 2563 881 2614 loco
905 2564 930 2615 in
954 2564 1023 2618 fines

95 2630 296 2683 Ambianorum
310 2631 439 2702 pervenit,
453 2631 499 2700 qui
517 2648 546 2683 se
565 2648 667 2700 suaque
685 2632 775 2684 omnia
787 2632 845 2684 sine
862 2649 937 2685 mora
950 2633 1022 2686 dedi·

93 2808 177 2868 filling
188 2809 205 2856 it
216 2824 257 2868 up,
271 2809 317 2856 and
329 2810 429 2870 making
440 2810 458 2857 it
470 2810 533 2858 level
542 2811 602 2858 with
613 2812 655 2859 the
666 2823 716 2861 rest
727 2812 755 2860 of
762 2814 803 2861 the
815 2814 916 2874 ground,
930 2832 958 2862 so
969 2815 1022 2863 that

93 2868 139 2915 the
151 2867 257 2927 military
268 2869 370 2929 engiues
382 2869 454 2917 could
466 2871 496 2917 be
509 2870 618 2922 wheeled
630 2887 663 2930 up
675 2882 700 2920 to
711 2873 752 2920 the
764 2874 828 2921 wall.

125 2953 353 3016 ¹Bratospantium,
367 2955 428 3003 after
438 2955 480 3004 the
496 2956 622 3006 reduction
637 2958 665 3005 of
676 2958 718 3006 the
730 2958 862 3015 Bellovaci,
876 2975 927 3008 was
943 2959 1021 3008 called
1053 2963 1054 2967 ’

94 3013 301 3073 Caesaromagus.
334 3014 413 3062 Ruins
429 3015 458 3062 of
469 3031 483 3062 a
498 3024 565 3062 town
576 3016 604 3064 of
616 3017 787 3076 Bratuspanrc,
801 3034 818 3075 a,
826 3018 888 3066 little
905 3019 975 3066 north
992 3017 1020 3067 ol

93 3072 228 3128 Beauvais,
242 3088 281 3119 are
298 3073 350 3121 said
361 3082 386 3122 to
397 3073 458 3122 have
470 3075 566 3123 existed
577 3091 604 3124 as
615 3075 664 3123 late
675 3093 702 3124 as
714 3077 755 3137 the
771 3077 894 3127 sixteenth
910 3088 1020 3140 century.

92 3133 144 3182 See
158 3131 226 3190 chap.
236 3133 259 3188 4,
273 3141 329 3179 note
341 3135 363 3180 5.

123 3216 213 3264 ¹'l'hat
224 3216 253 3265 is.
266 3226 381 3266 auctores.
413 3217 534 3278 Compare
544 3217 577 3266 vi.
588 3220 612 3277 4,
623 3221 662 3276 44,
674 3219 716 3268 vii.
727 3223 765 3269 ¹37.

186 3306 221 3352 θ’
547 3321 562 3356 r
