<?xml version="1.0" encoding="UTF-8"?>
<!DOCTYPE html PUBLIC "-//W3C//DTD XHTML 1.0 Transitional//EN"
    "http://www.w3.org/TR/xhtml1/DTD/xhtml1-transitional.dtd">
<html xmlns="http://www.w3.org/1999/xhtml" xml:lang="en" lang="en">
 <head>
  <title>
</title>
<meta http-equiv="Content-Type" content="text/html;charset=utf-8" />
  <meta name='ocr-system' content='tesseract 3.04.00' />
  <meta name='ocr-capabilities' content='ocr_page ocr_carea ocr_par ocr_line ocrx_word'/>
</head>
<body>
  <div class='ocr_page' id='page_1' title='image "./commentariidebe00caesgoog_0218.png"; bbox 0 0 2250 3736; ppageno 0'>
   <div class='ocr_carea' id='block_1_1' title="bbox 476 231 1019 291">
    <p class='ocr_par' dir='ltr' id='par_1_1' title="bbox 476 231 1019 291">
     <span class='ocr_line' id='line_1_1' title="bbox 476 231 1019 291; baseline -0.004 0"><span class='ocrx_word' id='word_1_1' title='bbox 476 253 567 291; x_wconf 75' lang='lat' dir='ltr'>cruere</span> <span class='ocrx_word' id='word_1_2' title='bbox 588 251 642 291; x_wconf 90' lang='lat' dir='ltr'>vrr.</span> <span class='ocrx_word' id='word_1_3' title='bbox 962 231 1019 289; x_wconf 81' lang='lat'>199</span> 
     </span>
    </p>
   </div>
   <div class='ocr_carea' id='block_1_2' title="bbox 83 357 1027 1888">
    <p class='ocr_par' dir='ltr' id='par_1_2' title="bbox 91 357 1023 917">
     <span class='ocr_line' id='line_1_2' title="bbox 131 357 1021 431; baseline -0.006 -15"><span class='ocrx_word' id='word_1_4' title='bbox 131 367 177 417; x_wconf 79' lang='lat'>49.</span> <span class='ocrx_word' id='word_1_5' title='bbox 197 362 293 415; x_wconf 88' lang='lat' dir='ltr'>Caesar</span> <span class='ocrx_word' id='word_1_6' title='bbox 312 378 397 430; x_wconf 88' lang='lat' dir='ltr'>quum</span> <span class='ocrx_word' id='word_1_7' title='bbox 416 361 506 430; x_wconf 89' lang='lat' dir='ltr'>iniquo</span> <span class='ocrx_word' id='word_1_8' title='bbox 526 361 582 421; x_wconf 84' lang='lat' dir='ltr'>loco</span> <span class='ocrx_word' id='word_1_9' title='bbox 602 358 713 431; x_wconf 85' lang='lat' dir='ltr'>pugnari</span> <span class='ocrx_word' id='word_1_10' title='bbox 737 358 908 428; x_wconf 89' lang='lat' dir='ltr'>hostiumque</span> <span class='ocrx_word' id='word_1_11' title='bbox 929 357 1021 426; x_wconf 84' lang='lat' dir='ltr'>augeri</span> 
     </span>
     <span class='ocr_line' id='line_1_3' title="bbox 91 429 1017 502; baseline -0.005 -16"><span class='ocrx_word' id='word_1_12' title='bbox 91 434 190 502; x_wconf 88' lang='lat' dir='ltr'>copias</span> <span class='ocrx_word' id='word_1_13' title='bbox 211 432 318 499; x_wconf 88' lang='lat' dir='ltr'>videret,</span> <span class='ocrx_word' id='word_1_14' title='bbox 343 440 533 500; x_wconf 79' lang='lat' dir='ltr'>praemetuens</span> <span class='ocrx_word' id='word_1_15' title='bbox 557 431 619 498; x_wconf 85' lang='lat' dir='ltr'>suis,</span> <span class='ocrx_word' id='word_1_16' title='bbox 645 429 679 481; x_wconf 91' lang='lat' dir='ltr'>ad</span> <span class='ocrx_word' id='word_1_17' title='bbox 704 430 735 481; x_wconf 89' lang='lat' dir='ltr'>T.</span> <span class='ocrx_word' id='word_1_18' title='bbox 756 429 877 481; x_wconf 81' lang='lat' dir='ltr'>Sextium</span> <span class='ocrx_word' id='word_1_19' title='bbox 889 430 1017 497; x_wconf 83' lang='lat' dir='ltr'>legatum,</span> 
     </span>
     <span class='ocr_line' id='line_1_4' title="bbox 91 499 1023 573; baseline -0.006 -18"><span class='ocrx_word' id='word_1_20' title='bbox 91 520 180 573; x_wconf 90' lang='lat' dir='ltr'>quem</span> <span class='ocrx_word' id='word_1_21' title='bbox 193 500 338 553; x_wconf 90' lang='lat' dir='ltr'>minoribus</span> <span class='ocrx_word' id='word_1_22' title='bbox 349 501 445 552; x_wconf 88' lang='lat' dir='ltr'>castris</span> <span class='ocrx_word' id='word_1_23' title='bbox 455 500 586 569; x_wconf 87' lang='lat' dir='ltr'>praesidio</span> <span class='ocrx_word' id='word_1_24' title='bbox 600 500 750 568; x_wconf 80' lang='lat' dir='ltr'>reliquerat,</span> <span class='ocrx_word' id='word_1_25' title='bbox 760 499 849 568; x_wconf 89' lang='lat' dir='ltr'>mittit,</span> <span class='ocrx_word' id='word_1_26' title='bbox 860 506 888 551; x_wconf 90' lang='lat' dir='ltr'>ut</span> <span class='ocrx_word' id='word_1_27' title='bbox 901 499 1023 551; x_wconf 87' lang='lat' dir='ltr'>cohortes</span> 
     </span>
     <span class='ocr_line' id='line_1_5' title="bbox 92 569 1022 625; baseline -0.006 0"><span class='ocrx_word' id='word_1_28' title='bbox 92 589 133 625; x_wconf 85' lang='lat' dir='ltr'>ex</span> <span class='ocrx_word' id='word_1_29' title='bbox 151 573 247 623; x_wconf 88' lang='lat' dir='ltr'>castris</span> <span class='ocrx_word' id='word_1_30' title='bbox 265 570 387 622; x_wconf 76' lang='lat' dir='ltr'>celeriter</span> <span class='ocrx_word' id='word_1_31' title='bbox 407 569 534 622; x_wconf 90' lang='lat' dir='ltr'>educeret</span> <span class='ocrx_word' id='word_1_32' title='bbox 555 578 582 622; x_wconf 89' lang='lat' dir='ltr'>et</span> <span class='ocrx_word' id='word_1_33' title='bbox 602 569 651 621; x_wconf 90' lang='lat' dir='ltr'>sub</span> <span class='ocrx_word' id='word_1_34' title='bbox 672 569 764 620; x_wconf 88' lang='lat' dir='ltr'>infimo</span> <span class='ocrx_word' id='word_1_35' title='bbox 787 569 855 621; x_wconf 89' lang='lat' dir='ltr'>colle</span> <span class='ocrx_word' id='word_1_36' title='bbox 876 569 911 620; x_wconf 90' lang='lat' dir='ltr'>ab</span> <span class='ocrx_word' id='word_1_37' title='bbox 929 569 1022 620; x_wconf 84' lang='lat' dir='ltr'>dextro</span> 
     </span>
     <span class='ocr_line' id='line_1_6' title="bbox 93 637 1023 709; baseline -0.004 -16"><span class='ocrx_word' id='word_1_38' title='bbox 93 641 182 694; x_wconf 89' lang='lat' dir='ltr'>latere</span> <span class='ocrx_word' id='word_1_39' title='bbox 196 639 312 692; x_wconf 90' lang='lat' dir='ltr'>hostium</span> <span class='ocrx_word' id='word_1_40' title='bbox 329 639 517 691; x_wconf 85' lang='lat' dir='ltr'>constitueret:</span> <span class='ocrx_word' id='word_1_41' title='bbox 536 648 573 709; x_wconf 90' lang='lat' dir='ltr'>ut,</span> <span class='ocrx_word' id='word_1_42' title='bbox 588 640 610 691; x_wconf 89' lang='lat' dir='ltr'>si</span> <span class='ocrx_word' id='word_1_43' title='bbox 623 647 724 691; x_wconf 90' lang='lat' dir='ltr'>nostros</span> <span class='ocrx_word' id='word_1_44' title='bbox 737 638 794 690; x_wconf 90' lang='lat' dir='ltr'>loco</span> <span class='ocrx_word' id='word_1_45' title='bbox 806 638 932 706; x_wconf 88' lang='lat' dir='ltr'>depulsos</span> <span class='ocrx_word' id='word_1_46' title='bbox 943 637 1023 689; x_wconf 88' lang='lat' dir='ltr'>vidis·</span> 
     </span>
     <span class='ocr_line' id='line_1_7' title="bbox 94 708 1023 779; baseline -0.004 -17"><span class='ocrx_word' id='word_1_47' title='bbox 94 718 147 779; x_wconf 88' lang='lat' dir='ltr'>set,</span> <span class='ocrx_word' id='word_1_48' title='bbox 167 726 219 778; x_wconf 93' lang='lat' dir='ltr'>quo</span> <span class='ocrx_word' id='word_1_49' title='bbox 242 709 331 761; x_wconf 90' lang='lat' dir='ltr'>minus</span> <span class='ocrx_word' id='word_1_50' title='bbox 356 709 438 761; x_wconf 88' lang='lat' dir='ltr'>libere</span> <span class='ocrx_word' id='word_1_51' title='bbox 462 708 553 761; x_wconf 89' lang='lat' dir='ltr'>hostes</span> <span class='ocrx_word' id='word_1_52' title='bbox 571 711 780 777; x_wconf 81' lang='lat' dir='ltr'>insequerentur,</span> <span class='ocrx_word' id='word_1_53' title='bbox 800 710 927 760; x_wconf 90' lang='lat' dir='ltr'>terreret.¹</span> <span class='ocrx_word' id='word_1_54' title='bbox 962 708 1023 776; x_wconf 91' lang='lat' dir='ltr'>Ipse</span> 
     </span>
     <span class='ocr_line' id='line_1_8' title="bbox 94 777 1023 850; baseline -0.003 -19"><span class='ocrx_word' id='word_1_55' title='bbox 94 778 221 850; x_wconf 93' lang='lat' dir='ltr'>paullum</span> <span class='ocrx_word' id='word_1_56' title='bbox 239 795 273 831; x_wconf 87' lang='lat' dir='ltr'>ex</span> <span class='ocrx_word' id='word_1_57' title='bbox 291 796 323 830; x_wconf 92' lang='lat' dir='ltr'>eo</span> <span class='ocrx_word' id='word_1_58' title='bbox 341 777 399 829; x_wconf 93' lang='lat' dir='ltr'>loco</span> <span class='ocrx_word' id='word_1_59' title='bbox 417 795 481 830; x_wconf 89' lang='lat' dir='ltr'>cum</span> <span class='ocrx_word' id='word_1_60' title='bbox 499 778 604 847; x_wconf 87' lang='lat' dir='ltr'>legione</span> <span class='ocrx_word' id='word_1_61' title='bbox 622 794 784 848; x_wconf 86' lang='lat' dir='ltr'>progressus,</span> <span class='ocrx_word' id='word_1_62' title='bbox 798 778 843 830; x_wconf 94' lang='lat' dir='ltr'>ubi</span> <span class='ocrx_word' id='word_1_63' title='bbox 862 777 1023 843; x_wconf 79' lang='lat' dir='ltr'>constiterat,</span> 
     </span>
     <span class='ocr_line' id='line_1_9' title="bbox 94 848 540 917; baseline 0 -15"><span class='ocrx_word' id='word_1_64' title='bbox 94 858 226 902; x_wconf 80' lang='lat' dir='ltr'>eventum</span> <span class='ocrx_word' id='word_1_65' title='bbox 239 864 344 917; x_wconf 88' lang='lat' dir='ltr'>pugnae</span> <span class='ocrx_word' id='word_1_66' title='bbox 358 848 540 917; x_wconf 82' lang='lat' dir='ltr'>exspectabat.</span> 
     </span>
    </p>

    <p class='ocr_par' dir='ltr' id='par_1_3' title="bbox 83 915 1027 1888">
     <span class='ocr_line' id='line_1_10' title="bbox 134 915 1025 986; baseline -0.004 -16"><span class='ocrx_word' id='word_1_67' title='bbox 134 923 176 970; x_wconf 79' lang='lat'>50.</span> <span class='ocrx_word' id='word_1_68' title='bbox 195 917 285 975; x_wconf 84' lang='lat' dir='ltr'>Quum</span> <span class='ocrx_word' id='word_1_69' title='bbox 303 919 433 970; x_wconf 87' lang='lat' dir='ltr'>acerrime</span> <span class='ocrx_word' id='word_1_70' title='bbox 457 918 608 970; x_wconf 90' lang='lat' dir='ltr'>comminus</span> <span class='ocrx_word' id='word_1_71' title='bbox 625 926 793 986; x_wconf 82' lang='lat' dir='ltr'>pugnaretur,</span> <span class='ocrx_word' id='word_1_72' title='bbox 813 915 903 968; x_wconf 89' lang='lat' dir='ltr'>hostes</span> <span class='ocrx_word' id='word_1_73' title='bbox 922 915 979 967; x_wconf 90' lang='lat' dir='ltr'>loco</span> <span class='ocrx_word' id='word_1_74' title='bbox 998 922 1025 967; x_wconf 87' lang='lat' dir='ltr'>et</span> 
     </span>
     <span class='ocr_line' id='line_1_11' title="bbox 94 984 1023 1056; baseline -0.006 -16"><span class='ocrx_word' id='word_1_75' title='bbox 94 1003 218 1056; x_wconf 91' lang='lat' dir='ltr'>numero,</span> <span class='ocrx_word' id='word_1_76' title='bbox 239 987 318 1038; x_wconf 90' lang='lat' dir='ltr'>nostri</span> <span class='ocrx_word' id='word_1_77' title='bbox 341 988 438 1039; x_wconf 86' lang='lat' dir='ltr'>virtute</span> <span class='ocrx_word' id='word_1_78' title='bbox 459 988 640 1040; x_wconf 87' lang='lat' dir='ltr'>confiderent:</span> <span class='ocrx_word' id='word_1_79' title='bbox 667 986 754 1038; x_wconf 89' lang='lat' dir='ltr'>subito</span> <span class='ocrx_word' id='word_1_80' title='bbox 774 994 835 1038; x_wconf 89' lang='lat' dir='ltr'>sunt</span> <span class='ocrx_word' id='word_1_81' title='bbox 856 984 946 1038; x_wconf 82' lang='lat' dir='ltr'>Aedui</span> <span class='ocrx_word' id='word_1_82' title='bbox 965 984 1023 1053; x_wconf 85' lang='lat' dir='ltr'>visi,</span> 
     </span>
     <span class='ocr_line' id='line_1_12' title="bbox 94 1053 1025 1125; baseline -0.005 -16"><span class='ocrx_word' id='word_1_83' title='bbox 94 1055 134 1109; x_wconf 83' lang='lat' dir='ltr'>ab</span> <span class='ocrx_word' id='word_1_84' title='bbox 153 1056 237 1108; x_wconf 90' lang='lat' dir='ltr'>latere</span> <span class='ocrx_word' id='word_1_85' title='bbox 256 1056 353 1108; x_wconf 88' lang='lat' dir='ltr'>nostris</span> <span class='ocrx_word' id='word_1_86' title='bbox 373 1056 483 1124; x_wconf 87' lang='lat' dir='ltr'>aperto,²</span> <span class='ocrx_word' id='word_1_87' title='bbox 503 1074 570 1125; x_wconf 89' lang='lat' dir='ltr'>quos</span> <span class='ocrx_word' id='word_1_88' title='bbox 589 1058 687 1108; x_wconf 86' lang='lat' dir='ltr'>Caesar</span> <span class='ocrx_word' id='word_1_89' title='bbox 707 1056 741 1107; x_wconf 90' lang='lat' dir='ltr'>ab</span> <span class='ocrx_word' id='word_1_90' title='bbox 763 1055 857 1108; x_wconf 78' lang='lat' dir='ltr'>dextra</span> <span class='ocrx_word' id='word_1_91' title='bbox 878 1064 952 1123; x_wconf 91' lang='lat' dir='ltr'>parte</span> <span class='ocrx_word' id='word_1_92' title='bbox 972 1053 1025 1105; x_wconf 89' lang='lat' dir='ltr'>alio</span> 
     </span>
     <span class='ocr_line' id='line_1_13' title="bbox 95 1123 1025 1178; baseline -0.004 0"><span class='ocrx_word' id='word_1_93' title='bbox 95 1142 213 1178; x_wconf 85' lang='lat' dir='ltr'>ascensu</span> <span class='ocrx_word' id='word_1_94' title='bbox 231 1142 326 1177; x_wconf 90' lang='lat' dir='ltr'>manus</span> <span class='ocrx_word' id='word_1_95' title='bbox 350 1125 519 1178; x_wconf 90' lang='lat' dir='ltr'>distinendae</span> <span class='ocrx_word' id='word_1_96' title='bbox 543 1143 624 1178; x_wconf 89' lang='lat' dir='ltr'>causa</span> <span class='ocrx_word' id='word_1_97' title='bbox 642 1125 760 1177; x_wconf 83' lang='lat' dir='ltr'>miserat.</span> <span class='ocrx_word' id='word_1_98' title='bbox 798 1126 830 1176; x_wconf 91' lang='lat' dir='ltr'>Hi</span> <span class='ocrx_word' id='word_1_99' title='bbox 851 1123 1025 1176; x_wconf 80' lang='lat' dir='ltr'>similitudine</span> 
     </span>
     <span class='ocr_line' id='line_1_14' title="bbox 95 1193 1025 1264; baseline -0.001 -18"><span class='ocrx_word' id='word_1_100' title='bbox 95 1195 242 1246; x_wconf 84' lang='lat' dir='ltr'>armorum¹</span> <span class='ocrx_word' id='word_1_101' title='bbox 253 1194 431 1247; x_wconf 87' lang='lat' dir='ltr'>vehementer</span> <span class='ocrx_word' id='word_1_102' title='bbox 442 1203 544 1247; x_wconf 87' lang='lat' dir='ltr'>nostros</span> <span class='ocrx_word' id='word_1_103' title='bbox 561 1202 774 1264; x_wconf 89' lang='lat' dir='ltr'>perterruerunt:</span> <span class='ocrx_word' id='word_1_104' title='bbox 794 1211 826 1246; x_wconf 89' lang='lat' dir='ltr'>ac</span> <span class='ocrx_word' id='word_1_105' title='bbox 839 1193 947 1245; x_wconf 84' lang='lat' dir='ltr'>tametsi</span> <span class='ocrx_word' id='word_1_106' title='bbox 961 1193 1025 1245; x_wconf 87' lang='lat' dir='ltr'>dex·</span> 
     </span>
     <span class='ocr_line' id='line_1_15' title="bbox 96 1263 1025 1331; baseline -0.004 -15"><span class='ocrx_word' id='word_1_107' title='bbox 96 1263 146 1316; x_wconf 90' lang='lat' dir='ltr'>tris</span> <span class='ocrx_word' id='word_1_108' title='bbox 163 1264 281 1316; x_wconf 90' lang='lat' dir='ltr'>humeris</span> <span class='ocrx_word' id='word_1_109' title='bbox 300 1265 421 1316; x_wconf 88' lang='lat' dir='ltr'>exsertis⁴</span> <span class='ocrx_word' id='word_1_110' title='bbox 433 1265 721 1331; x_wconf 87' lang='lat' dir='ltr'>animadvertebantur,</span> <span class='ocrx_word' id='word_1_111' title='bbox 754 1263 806 1315; x_wconf 93' lang='lat' dir='ltr'>uod</span> <span class='ocrx_word' id='word_1_112' title='bbox 825 1263 928 1330; x_wconf 81' lang='lat' dir='ltr'>insigne</span> <span class='ocrx_word' id='word_1_113' title='bbox 949 1279 1025 1330; x_wconf 90' lang='lat' dir='ltr'>paca·</span> 
     </span>
     <span class='ocr_line' id='line_1_16' title="bbox 97 1281 1026 1402; baseline -0.002 -17"><span class='ocrx_word' id='word_1_114' title='bbox 97 1333 136 1385; x_wconf 88' lang='lat' dir='ltr'>tis</span> <span class='ocrx_word' id='word_1_115' title='bbox 147 1349 207 1384; x_wconf 89' lang='lat' dir='ltr'>esse</span> <span class='ocrx_word' id='word_1_116' title='bbox 227 1343 375 1402; x_wconf 90' lang='lat' dir='ltr'>consuerat,</span> <span class='ocrx_word' id='word_1_117' title='bbox 390 1342 480 1386; x_wconf 89' lang='lat' dir='ltr'>tamen</span> <span class='ocrx_word' id='word_1_118' title='bbox 503 1335 528 1386; x_wconf 95' lang='lat' dir='ltr'>id</span> <span class='ocrx_word' id='word_1_119' title='bbox 550 1335 639 1402; x_wconf 88' lang='lat' dir='ltr'>ipsum</span> <span class='ocrx_word' id='word_1_120' title='bbox 652 1333 692 1384; x_wconf 89' lang='lat' dir='ltr'>sui</span> <span class='ocrx_word' id='word_1_121' title='bbox 706 1281 814 1384; x_wconf 77' lang='lat' dir='ltr'>saliendi</span> <span class='ocrx_word' id='word_1_122' title='bbox 834 1350 915 1384; x_wconf 86' lang='lat' dir='ltr'>causa</span> <span class='ocrx_word' id='word_1_123' title='bbox 928 1331 1026 1383; x_wconf 82' lang='lat' dir='ltr'>milites</span> 
     </span>
     <span class='ocr_line' id='line_1_17' title="bbox 96 1401 1026 1470; baseline -0.001 -17"><span class='ocrx_word' id='word_1_124' title='bbox 96 1401 134 1454; x_wconf 92' lang='lat' dir='ltr'>ab</span> <span class='ocrx_word' id='word_1_125' title='bbox 146 1401 266 1454; x_wconf 87' lang='lat' dir='ltr'>hostibus</span> <span class='ocrx_word' id='word_1_126' title='bbox 277 1402 381 1454; x_wconf 82' lang='lat' dir='ltr'>lactum</span> <span class='ocrx_word' id='word_1_127' title='bbox 399 1403 598 1456; x_wconf 87' lang='lat' dir='ltr'>existimabant.</span> <span class='ocrx_word' id='word_1_128' title='bbox 635 1402 738 1456; x_wconf 90' lang='lat' dir='ltr'>Eodem</span> <span class='ocrx_word' id='word_1_129' title='bbox 752 1412 870 1470; x_wconf 89' lang='lat' dir='ltr'>tempore</span> <span class='ocrx_word' id='word_1_130' title='bbox 883 1402 912 1453; x_wconf 94' lang='lat' dir='ltr'>L.</span> <span class='ocrx_word' id='word_1_131' title='bbox 927 1401 1026 1453; x_wconf 87' lang='lat' dir='ltr'>Fabius</span> 
     </span>
     <span class='ocr_line' id='line_1_18' title="bbox 83 1470 1026 1540; baseline -0.002 -17"><span class='ocrx_word' id='word_1_132' title='bbox 83 1471 219 1523; x_wconf 88' lang='lat' dir='ltr'>&#39;centurio</span> <span class='ocrx_word' id='word_1_133' title='bbox 231 1472 331 1540; x_wconf 90' lang='lat' dir='ltr'>quique</span> <span class='ocrx_word' id='word_1_134' title='bbox 352 1490 405 1524; x_wconf 92' lang='lat' dir='ltr'>una</span> <span class='ocrx_word' id='word_1_135' title='bbox 424 1490 532 1525; x_wconf 90' lang='lat' dir='ltr'>murum</span> <span class='ocrx_word' id='word_1_136' title='bbox 551 1472 735 1540; x_wconf 87' lang='lat' dir='ltr'>ascenderant,</span> <span class='ocrx_word' id='word_1_137' title='bbox 749 1470 924 1524; x_wconf 85' lang='lat' dir='ltr'>circumventi</span> <span class='ocrx_word' id='word_1_138' title='bbox 944 1479 1026 1539; x_wconf 89' lang='lat' dir='ltr'>atque</span> 
     </span>
     <span class='ocr_line' id='line_1_19' title="bbox 97 1539 1024 1610; baseline -0.001 -19"><span class='ocrx_word' id='word_1_139' title='bbox 97 1539 234 1592; x_wconf 85' lang='lat' dir='ltr'>interlecti</span> <span class='ocrx_word' id='word_1_140' title='bbox 257 1541 292 1593; x_wconf 91' lang='lat' dir='ltr'>de</span> <span class='ocrx_word' id='word_1_141' title='bbox 317 1558 392 1593; x_wconf 88' lang='lat' dir='ltr'>muro</span> <span class='ocrx_word' id='word_1_142' title='bbox 422 1543 636 1610; x_wconf 85' lang='lat' dir='ltr'>praecipitantur.</span> <span class='ocrx_word' id='word_1_143' title='bbox 680 1542 721 1594; x_wconf 91' lang='lat' dir='ltr'>M.</span> <span class='ocrx_word' id='word_1_144' title='bbox 746 1541 875 1608; x_wconf 88' lang='lat' dir='ltr'>Petreius,</span> <span class='ocrx_word' id='word_1_145' title='bbox 901 1539 1024 1608; x_wconf 72' lang='lat' dir='ltr'>ejusdem</span> 
     </span>
     <span class='ocr_line' id='line_1_20' title="bbox 96 1608 1026 1690; baseline -0.002 -28"><span class='ocrx_word' id='word_1_146' title='bbox 96 1609 211 1676; x_wconf 88' lang='lat' dir='ltr'>legionis</span> <span class='ocrx_word' id='word_1_147' title='bbox 222 1613 349 1679; x_wconf 86' lang='lat' dir='ltr'>centurio,</span> <span class='ocrx_word' id='word_1_148' title='bbox 364 1629 444 1681; x_wconf 92' lang='lat' dir='ltr'>quum</span> <span class='ocrx_word' id='word_1_149' title='bbox 459 1620 547 1690; x_wconf 88' lang='lat' dir='ltr'>portas</span> <span class='ocrx_word' id='word_1_150' title='bbox 559 1610 694 1663; x_wconf 79' lang='lat' dir='ltr'>excidere⁶</span> <span class='ocrx_word' id='word_1_151' title='bbox 705 1620 816 1662; x_wconf 87' lang='lat' dir='ltr'>conatus</span> <span class='ocrx_word' id='word_1_152' title='bbox 835 1619 906 1661; x_wconf 88' lang='lat' dir='ltr'>esset</span> <span class='ocrx_word' id='word_1_153' title='bbox 929 1626 945 1659; x_wconf 89' lang='lat' dir='ltr'>a</span> <span class='ocrx_word' id='word_1_154' title='bbox 957 1608 1026 1660; x_wconf 89' lang='lat' dir='ltr'>mul·</span> 
     </span>
     <span class='ocr_line' id='line_1_21' title="bbox 98 1648 1027 1749; baseline -0.001 -18"><span class='ocrx_word' id='word_1_155' title='bbox 98 1677 215 1732; x_wconf 89' lang='lat' dir='ltr'>titudine</span> <span class='ocrx_word' id='word_1_156' title='bbox 234 1697 378 1748; x_wconf 87' lang='lat' dir='ltr'>oppressus</span> <span class='ocrx_word' id='word_1_157' title='bbox 395 1697 428 1732; x_wconf 90' lang='lat' dir='ltr'>ac</span> <span class='ocrx_word' id='word_1_158' title='bbox 446 1680 495 1732; x_wconf 80' lang='lat' dir='ltr'>sibi</span> <span class='ocrx_word' id='word_1_159' title='bbox 515 1680 668 1749; x_wconf 89' lang='lat' dir='ltr'>desperans,</span> <span class='ocrx_word' id='word_1_160' title='bbox 687 1680 781 1732; x_wconf 90' lang='lat' dir='ltr'>multis</span> <span class='ocrx_word' id='word_1_161' title='bbox 798 1679 853 1748; x_wconf 89' lang='lat' dir='ltr'>jam</span> <span class='ocrx_word' id='word_1_162' title='bbox 872 1648 1027 1730; x_wconf 84' lang='lat' dir='ltr'>vulneribus</span> 
     </span>
     <span class='ocr_line' id='line_1_22' title="bbox 88 1747 1025 1818; baseline -0.002 -18"><span class='ocrx_word' id='word_1_163' title='bbox 88 1750 225 1818; x_wconf 78' lang='lat' dir='ltr'>acceptis,</span> <span class='ocrx_word' id='word_1_164' title='bbox 238 1749 452 1818; x_wconf 87' lang='lat' dir='ltr'>manipularibus</span> <span class='ocrx_word' id='word_1_165' title='bbox 464 1750 527 1818; x_wconf 90' lang='lat' dir='ltr'>suis,</span> <span class='ocrx_word' id='word_1_166' title='bbox 541 1750 587 1818; x_wconf 91' lang='lat' dir='ltr'>qui</span> <span class='ocrx_word' id='word_1_167' title='bbox 600 1749 676 1802; x_wconf 89' lang='lat' dir='ltr'>illum</span> <span class='ocrx_word' id='word_1_168' title='bbox 691 1750 777 1802; x_wconf 91' lang='lat' dir='ltr'>secuti</span> <span class='ocrx_word' id='word_1_169' title='bbox 791 1758 873 1817; x_wconf 90' lang='lat' dir='ltr'>erant,</span> <span class='ocrx_word' id='word_1_170' title='bbox 883 1747 1025 1817; x_wconf 82' lang='lat' dir='ltr'>Quoniam,</span> 
     </span>
     <span class='ocr_line' id='line_1_23' title="bbox 97 1817 1027 1888; baseline -0.001 -19"><span class='ocrx_word' id='word_1_171' title='bbox 97 1818 193 1888; x_wconf 89' lang='lat' dir='ltr'>iuquit,</span> <span class='ocrx_word' id='word_1_172' title='bbox 205 1835 250 1871; x_wconf 90' lang='lat' dir='ltr'>me</span> <span class='ocrx_word' id='word_1_173' title='bbox 263 1835 317 1870; x_wconf 90' lang='lat' dir='ltr'>una</span> <span class='ocrx_word' id='word_1_174' title='bbox 329 1819 469 1871; x_wconf 84' lang='lat' dir='ltr'>vobiscum</span> <span class='ocrx_word' id='word_1_175' title='bbox 490 1836 595 1871; x_wconf 88' lang='lat' dir='ltr'>servare</span> <span class='ocrx_word' id='word_1_176' title='bbox 615 1835 664 1870; x_wconf 91' lang='lat' dir='ltr'>non</span> <span class='ocrx_word' id='word_1_177' title='bbox 685 1817 1027 1888; x_wconf 83' lang='lat' dir='ltr'>possum,vestraequidem</span> 
     </span>
    </p>
   </div>
   <div class='ocr_carea' id='block_1_3' title="bbox 98 1887 1026 2009">
    <p class='ocr_par' dir='ltr' id='par_1_4' title="bbox 98 1887 1026 2009">
     <span class='ocr_line' id='line_1_24' title="bbox 98 1887 1026 2009; baseline -0.001 -71"><span class='ocrx_word' id='word_1_178' title='bbox 98 1896 174 1939; x_wconf 91' lang='lat' dir='ltr'>certe</span> <span class='ocrx_word' id='word_1_179' title='bbox 193 1889 264 1939; x_wconf 87' lang='lat' dir='ltr'>vitae</span> <span class='ocrx_word' id='word_1_180' title='bbox 284 1887 452 1957; x_wconf 85' lang='lat' dir='ltr'>prospiciam,</span> <span class='ocrx_word' id='word_1_181' title='bbox 471 1905 540 2009; x_wconf 73' lang='lat' dir='ltr'>quos</span> <span class='ocrx_word' id='word_1_182' title='bbox 558 1888 705 1956; x_wconf 87' lang='lat' dir='ltr'>cupiditate</span> <span class='ocrx_word' id='word_1_183' title='bbox 728 1889 828 1955; x_wconf 86' lang='lat' dir='ltr'>gloriae</span> <span class='ocrx_word' id='word_1_184' title='bbox 847 1887 980 1939; x_wconf 89' lang='lat' dir='ltr'>adductus</span> <span class='ocrx_word' id='word_1_185' title='bbox 1000 1887 1026 1937; x_wconf 93' lang='lat' dir='ltr'>in</span> 
     </span>
    </p>
   </div>
   <div class='ocr_carea' id='block_1_4' title="bbox 97 1955 1028 2304">
    <p class='ocr_par' dir='ltr' id='par_1_5' title="bbox 97 1955 1028 2304">
     <span class='ocr_line' id='line_1_25' title="bbox 97 1955 1027 2036; baseline 0 -29"><span class='ocrx_word' id='word_1_186' title='bbox 97 1956 249 2036; x_wconf 84' lang='lat' dir='ltr'>periculum</span> <span class='ocrx_word' id='word_1_187' title='bbox 261 1956 371 2008; x_wconf 86' lang='lat' dir='ltr'>deduxi.</span> <span class='ocrx_word' id='word_1_188' title='bbox 396 1958 457 2026; x_wconf 90' lang='lat' dir='ltr'>Vos,</span> <span class='ocrx_word' id='word_1_189' title='bbox 489 1967 534 2010; x_wconf 92' lang='lat' dir='ltr'>ata</span> <span class='ocrx_word' id='word_1_190' title='bbox 546 1957 680 2027; x_wconf 86' lang='lat' dir='ltr'>facultate,</span> <span class='ocrx_word' id='word_1_191' title='bbox 694 1959 769 2010; x_wconf 83' lang='lat' dir='ltr'>vobis</span> <span class='ocrx_word' id='word_1_192' title='bbox 782 1957 920 2009; x_wconf 88' lang='lat' dir='ltr'>consulite.</span> <span class='ocrx_word' id='word_1_193' title='bbox 942 1955 1027 2009; x_wconf 90' lang='lat' dir='ltr'>Simul</span> 
     </span>
     <span class='ocr_line' id='line_1_26' title="bbox 98 2026 1028 2096; baseline -0.002 -18"><span class='ocrx_word' id='word_1_194' title='bbox 98 2043 128 2078; x_wconf 85' lang='lat'>111</span> <span class='ocrx_word' id='word_1_195' title='bbox 152 2026 256 2078; x_wconf 90' lang='lat' dir='ltr'>medios</span> <span class='ocrx_word' id='word_1_196' title='bbox 278 2026 370 2078; x_wconf 90' lang='lat' dir='ltr'>hostes</span> <span class='ocrx_word' id='word_1_197' title='bbox 386 2028 484 2096; x_wconf 87' lang='lat' dir='ltr'>irrupit,</span> <span class='ocrx_word' id='word_1_198' title='bbox 509 2027 669 2094; x_wconf 91' lang='lat' dir='ltr'>duobusque</span> <span class='ocrx_word' id='word_1_199' title='bbox 693 2027 847 2094; x_wconf 85' lang='lat' dir='ltr'>intersectis,</span> <span class='ocrx_word' id='word_1_200' title='bbox 873 2026 987 2094; x_wconf 89' lang='lat' dir='ltr'>reliquos</span> <span class='ocrx_word' id='word_1_201' title='bbox 1010 2041 1028 2076; x_wconf 85' lang='lat' dir='ltr'>a</span> 
     </span>
     <span class='ocr_line' id='line_1_27' title="bbox 98 2095 1026 2175; baseline 0 -30"><span class='ocrx_word' id='word_1_202' title='bbox 98 2102 176 2175; x_wconf 90' lang='lat' dir='ltr'>porta</span> <span class='ocrx_word' id='word_1_203' title='bbox 193 2095 313 2164; x_wconf 89' lang='lat' dir='ltr'>paullum</span> <span class='ocrx_word' id='word_1_204' title='bbox 338 2096 481 2148; x_wconf 89' lang='lat' dir='ltr'>submovit.</span> <span class='ocrx_word' id='word_1_205' title='bbox 518 2097 680 2148; x_wconf 84' lang='lat' dir='ltr'>Conantibus</span> <span class='ocrx_word' id='word_1_206' title='bbox 698 2097 818 2149; x_wconf 84' lang='lat' dir='ltr'>auxiliari</span> <span class='ocrx_word' id='word_1_207' title='bbox 837 2096 900 2164; x_wconf 83' lang='lat' dir='ltr'>suis,</span> <span class='ocrx_word' id='word_1_208' title='bbox 920 2095 1026 2164; x_wconf 77' lang='lat' dir='ltr'>frustra,</span> 
     </span>
     <span class='ocr_line' id='line_1_28' title="bbox 97 2164 1028 2235; baseline 0.001 -20"><span class='ocrx_word' id='word_1_209' title='bbox 97 2164 194 2232; x_wconf 80' lang='lat' dir='ltr'>inquit,</span> <span class='ocrx_word' id='word_1_210' title='bbox 214 2181 292 2216; x_wconf 89' lang='lat' dir='ltr'>meae</span> <span class='ocrx_word' id='word_1_211' title='bbox 310 2165 382 2216; x_wconf 87' lang='lat' dir='ltr'>ritae</span> <span class='ocrx_word' id='word_1_212' title='bbox 407 2165 548 2217; x_wconf 88' lang='lat' dir='ltr'>subvenire</span> <span class='ocrx_word' id='word_1_213' title='bbox 572 2166 713 2235; x_wconf 89' lang='lat' dir='ltr'>conamini,</span> <span class='ocrx_word' id='word_1_214' title='bbox 733 2167 824 2235; x_wconf 83' lang='lat' dir='ltr'>quem⁶</span> <span class='ocrx_word' id='word_1_215' title='bbox 843 2165 896 2217; x_wconf 90' lang='lat' dir='ltr'>&#39;am</span> <span class='ocrx_word' id='word_1_216' title='bbox 920 2164 1028 2231; x_wconf 85' lang='lat' dir='ltr'>sanguis</span> 
     </span>
     <span class='ocr_line' id='line_1_29' title="bbox 98 2183 1027 2304; baseline -0.001 -19"><span class='ocrx_word' id='word_1_217' title='bbox 98 2233 223 2301; x_wconf 80' lang='lat' dir='ltr'>viresque</span> <span class='ocrx_word' id='word_1_218' title='bbox 236 2233 379 2287; x_wconf 88' lang='lat' dir='ltr'>deficiunt:</span> <span class='ocrx_word' id='word_1_219' title='bbox 399 2234 508 2302; x_wconf 90' lang='lat' dir='ltr'>proinde</span> <span class='ocrx_word' id='word_1_220' title='bbox 527 2233 590 2287; x_wconf 88' lang='lat' dir='ltr'>hinc</span> <span class='ocrx_word' id='word_1_221' title='bbox 608 2234 689 2304; x_wconf 82' lang='lat' dir='ltr'>abite,</span> <span class='ocrx_word' id='word_1_222' title='bbox 702 2236 768 2287; x_wconf 90' lang='lat' dir='ltr'>dum</span> <span class='ocrx_word' id='word_1_223' title='bbox 781 2245 822 2286; x_wconf 87' lang='lat' dir='ltr'>est</span> <span class='ocrx_word' id='word_1_224' title='bbox 835 2183 955 2302; x_wconf 76' lang='lat' dir='ltr'>iacultas,</span> <span class='ocrx_word' id='word_1_225' title='bbox 970 2249 1027 2285; x_wconf 88' lang='lat' dir='ltr'>vos-</span> 
     </span>
    </p>
   </div>
   <div class='ocr_carea' id='block_1_5' title="bbox 98 2302 1028 2426">
    <p class='ocr_par' dir='ltr' id='par_1_6' title="bbox 98 2302 1028 2426">
     <span class='ocr_line' id='line_1_30' title="bbox 98 2302 1028 2381; baseline 0.001 -28"><span class='ocrx_word' id='word_1_226' title='bbox 98 2319 155 2371; x_wconf 91' lang='lat' dir='ltr'>que</span> <span class='ocrx_word' id='word_1_227' title='bbox 167 2302 200 2381; x_wconf 72' lang='lat' dir='ltr'>ad</span> <span class='ocrx_word' id='word_1_228' title='bbox 214 2302 346 2370; x_wconf 86' lang='lat' dir='ltr'>legionem</span> <span class='ocrx_word' id='word_1_229' title='bbox 360 2304 478 2373; x_wconf 89' lang='lat' dir='ltr'>recipite.</span> <span class='ocrx_word' id='word_1_230' title='bbox 514 2304 555 2357; x_wconf 92' lang='lat' dir='ltr'>Ita</span> <span class='ocrx_word' id='word_1_231' title='bbox 566 2321 689 2374; x_wconf 86' lang='lat' dir='ltr'>pugnans</span> <span class='ocrx_word' id='word_1_232' title='bbox 700 2315 759 2375; x_wconf 88' lang='lat' dir='ltr'>post</span> <span class='ocrx_word' id='word_1_233' title='bbox 767 2304 893 2374; x_wconf 74' lang='lat' dir='ltr'>‚paullum</span> <span class='ocrx_word' id='word_1_234' title='bbox 912 2302 1028 2356; x_wconf 88' lang='lat' dir='ltr'>concidit</span> 
     </span>
     <span class='ocr_line' id='line_1_31' title="bbox 98 2372 363 2426; baseline 0.004 -2"><span class='ocrx_word' id='word_1_235' title='bbox 98 2388 133 2424; x_wconf 84' lang='lat' dir='ltr'>ac</span> <span class='ocrx_word' id='word_1_236' title='bbox 146 2387 201 2423; x_wconf 82' lang='lat' dir='ltr'>suis</span> <span class='ocrx_word' id='word_1_237' title='bbox 212 2372 292 2425; x_wconf 89' lang='lat' dir='ltr'>saluti</span> <span class='ocrx_word' id='word_1_238' title='bbox 304 2372 363 2426; x_wconf 86' lang='lat' dir='ltr'>fuit.</span> 
     </span>
    </p>
   </div>
   <div class='ocr_carea' id='block_1_6' title="bbox 131 2544 1028 2617">
    <p class='ocr_par' dir='ltr' id='par_1_7' title="bbox 131 2544 1028 2617">
     <span class='ocr_line' id='line_1_32' title="bbox 131 2544 1028 2617; baseline 0.004 -24"><span class='ocrx_word' id='word_1_239' title='bbox 131 2549 139 2576; x_wconf 85' lang='lat'>¹</span> <span class='ocrx_word' id='word_1_240' title='bbox 153 2544 273 2617; x_wconf 60' lang='lat' dir='ltr'>Terror-cn</span> <span class='ocrx_word' id='word_1_241' title='bbox 291 2549 379 2609; x_wconf 87' lang='lat' dir='ltr'>supply</span> <span class='ocrx_word' id='word_1_242' title='bbox 390 2567 427 2598; x_wconf 82' lang='lat' dir='ltr'>coc</span> <span class='ocrx_word' id='word_1_243' title='bbox 438 2565 465 2597; x_wconf 90' lang='lat' dir='ltr'>or</span> <span class='ocrx_word' id='word_1_244' title='bbox 475 2554 565 2606; x_wconf 56' lang='lat' dir='ltr'>hostem</span> <span class='ocrx_word' id='word_1_245' title='bbox 583 2549 681 2611; x_wconf 79' lang='lat' dir='ltr'>thequa</span> <span class='ocrx_word' id='word_1_246' title='bbox 693 2552 773 2599; x_wconf 79' lang='lat' dir='ltr'>minus</span> <span class='ocrx_word' id='word_1_247' title='bbox 789 2550 810 2598; x_wconf 90' lang='lat' dir='ltr'>is</span> <span class='ocrx_word' id='word_1_248' title='bbox 825 2550 868 2597; x_wconf 86' lang='lat' dir='ltr'>the</span> <span class='ocrx_word' id='word_1_249' title='bbox 884 2565 951 2597; x_wconf 89' lang='lat' dir='ltr'>same</span> <span class='ocrx_word' id='word_1_250' title='bbox 963 2565 990 2598; x_wconf 88' lang='lat' dir='ltr'>as</span> <span class='ocrx_word' id='word_1_251' title='bbox 1000 2557 1028 2597; x_wconf 77' lang='lat' dir='ltr'>ut</span> 
     </span>
    </p>
   </div>
   <div class='ocr_carea' id='block_1_7' title="bbox 52 2623 226 2654">
    <p class='ocr_par' dir='ltr' id='par_1_8' title="bbox 52 2623 226 2654">
     <span class='ocr_line' id='line_1_33' title="bbox 52 2623 226 2654; baseline -0.011 1"><span class='ocrx_word' id='word_1_252' title='bbox 52 2632 60 2644; x_wconf 84' lang='lat'><em>⁰</em></span> <span class='ocrx_word' id='word_1_253' title='bbox 101 2624 127 2654; x_wconf 69' lang='grc' dir='ltr'><strong><em>ω</em></strong></span> <span class='ocrx_word' id='word_1_254' title='bbox 137 2623 226 2654; x_wconf 66' lang='lat' dir='ltr'>mmm.</span> 
     </span>
    </p>
   </div>
   <div class='ocr_carea' id='block_1_8' title="bbox 101 2679 1026 2800">
    <p class='ocr_par' dir='ltr' id='par_1_9' title="bbox 101 2679 1026 2800">
     <span class='ocr_line' id='line_1_34' title="bbox 131 2679 1026 2743; baseline 0.004 -17"><span class='ocrx_word' id='word_1_255' title='bbox 131 2682 141 2710; x_wconf 82' lang='lat'>²</span> <span class='ocrx_word' id='word_1_256' title='bbox 153 2685 159 2706; x_wconf 80' lang='lat'><strong>⁴</strong></span> <span class='ocrx_word' id='word_1_257' title='bbox 169 2679 209 2726; x_wconf 90' lang='lat' dir='ltr'>On</span> <span class='ocrx_word' id='word_1_258' title='bbox 220 2680 261 2728; x_wconf 91' lang='lat' dir='ltr'>the</span> <span class='ocrx_word' id='word_1_259' title='bbox 273 2681 324 2729; x_wconf 89' lang='lat' dir='ltr'>side</span> <span class='ocrx_word' id='word_1_260' title='bbox 336 2681 418 2730; x_wconf 83' lang='lat' dir='ltr'>where</span> <span class='ocrx_word' id='word_1_261' title='bbox 429 2698 473 2730; x_wconf 89' lang='lat' dir='ltr'>our</span> <span class='ocrx_word' id='word_1_262' title='bbox 484 2683 564 2732; x_wconf 86' lang='lat' dir='ltr'>llanlrs</span> <span class='ocrx_word' id='word_1_263' title='bbox 573 2699 637 2732; x_wconf 83' lang='lat' dir='ltr'>were</span> <span class='ocrx_word' id='word_1_264' title='bbox 648 2699 711 2743; x_wconf 86' lang='lat' dir='ltr'>open</span> <span class='ocrx_word' id='word_1_265' title='bbox 722 2699 748 2732; x_wconf 90' lang='lat' dir='ltr'>cr</span> <span class='ocrx_word' id='word_1_266' title='bbox 757 2683 889 2732; x_wconf 86' lang='lat' dir='ltr'>accessible</span> <span class='ocrx_word' id='word_1_267' title='bbox 898 2683 915 2740; x_wconf 83' lang='lat'>;’</span> <span class='ocrx_word' id='word_1_268' title='bbox 933 2682 985 2731; x_wconf 87' lang='lat' dir='ltr'>that</span> <span class='ocrx_word' id='word_1_269' title='bbox 996 2682 1026 2739; x_wconf 84' lang='lat' dir='ltr'>is,</span> 
     </span>
     <span class='ocr_line' id='line_1_35' title="bbox 101 2739 554 2800; baseline 0.002 -12"><span class='ocrx_word' id='word_1_270' title='bbox 101 2739 185 2788; x_wconf 83' lang='lat' dir='ltr'>where</span> <span class='ocrx_word' id='word_1_271' title='bbox 198 2739 257 2800; x_wconf 88' lang='lat' dir='ltr'>they</span> <span class='ocrx_word' id='word_1_272' title='bbox 268 2740 340 2789; x_wconf 91' lang='lat' dir='ltr'>could</span> <span class='ocrx_word' id='word_1_273' title='bbox 351 2741 423 2789; x_wconf 79' lang='lat' dir='ltr'>resch</span> <span class='ocrx_word' id='word_1_274' title='bbox 435 2757 479 2789; x_wconf 91' lang='lat' dir='ltr'>cur</span> <span class='ocrx_word' id='word_1_275' title='bbox 489 2758 554 2790; x_wconf 88' lang='lat' dir='ltr'>men.</span> 
     </span>
    </p>
   </div>
   <div class='ocr_carea' id='block_1_9' title="bbox 131 2811 1029 2870">
    <p class='ocr_par' dir='ltr' id='par_1_10' title="bbox 131 2811 1029 2870">
     <span class='ocr_line' id='line_1_36' title="bbox 131 2811 1029 2870; baseline 0.003 -11"><span class='ocrx_word' id='word_1_276' title='bbox 131 2815 140 2842; x_wconf 87' lang='lat'>⁸</span> <span class='ocrx_word' id='word_1_277' title='bbox 151 2811 207 2859; x_wconf 88' lang='lat' dir='ltr'>The</span> <span class='ocrx_word' id='word_1_278' title='bbox 219 2828 315 2860; x_wconf 89' lang='lat' dir='ltr'>armour</span> <span class='ocrx_word' id='word_1_279' title='bbox 325 2812 354 2860; x_wconf 84' lang='lat' dir='ltr'>os</span> <span class='ocrx_word' id='word_1_280' title='bbox 365 2814 407 2861; x_wconf 90' lang='lat' dir='ltr'>the</span> <span class='ocrx_word' id='word_1_281' title='bbox 419 2815 501 2862; x_wconf 88' lang='lat' dir='ltr'>Aedui</span> <span class='ocrx_word' id='word_1_282' title='bbox 512 2815 540 2861; x_wconf 84' lang='lat' dir='ltr'>cl</span> <span class='ocrx_word' id='word_1_283' title='bbox 552 2830 636 2863; x_wconf 87' lang='lat' dir='ltr'>course</span> <span class='ocrx_word' id='word_1_284' title='bbox 649 2831 699 2863; x_wconf 89' lang='lat' dir='ltr'>was</span> <span class='ocrx_word' id='word_1_285' title='bbox 716 2815 757 2863; x_wconf 89' lang='lat' dir='ltr'>the</span> <span class='ocrx_word' id='word_1_286' title='bbox 774 2830 850 2870; x_wconf 89' lang='lat' dir='ltr'>same,</span> <span class='ocrx_word' id='word_1_287' title='bbox 863 2829 890 2861; x_wconf 89' lang='lat' dir='ltr'>cr</span> <span class='ocrx_word' id='word_1_288' title='bbox 901 2813 993 2861; x_wconf 88' lang='lat' dir='ltr'>similar</span> <span class='ocrx_word' id='word_1_289' title='bbox 1003 2823 1029 2862; x_wconf 87' lang='lat' dir='ltr'>to</span> 
     </span>
    </p>
   </div>
   <div class='ocr_carea' id='block_1_10' title="bbox 101 2871 1028 2990">
    <p class='ocr_par' dir='ltr' id='par_1_11' title="bbox 101 2871 1028 2990">
     <span class='ocr_line' id='line_1_37' title="bbox 101 2871 1028 2934; baseline 0 -14"><span class='ocrx_word' id='word_1_290' title='bbox 101 2872 156 2920; x_wconf 88' lang='lat' dir='ltr'>that</span> <span class='ocrx_word' id='word_1_291' title='bbox 168 2871 196 2917; x_wconf 86' lang='lat' dir='ltr'>ci&#39;</span> <span class='ocrx_word' id='word_1_292' title='bbox 208 2871 248 2917; x_wconf 89' lang='lat' dir='ltr'>tbe</span> <span class='ocrx_word' id='word_1_293' title='bbox 259 2872 330 2919; x_wconf 87' lang='lat' dir='ltr'>other</span> <span class='ocrx_word' id='word_1_294' title='bbox 342 2873 428 2928; x_wconf 88' lang='lat' dir='ltr'>Gauls,</span> <span class='ocrx_word' id='word_1_295' title='bbox 442 2873 489 2921; x_wconf 90' lang='lat' dir='ltr'>and</span> <span class='ocrx_word' id='word_1_296' title='bbox 505 2874 659 2934; x_wconf 88' lang='lat' dir='ltr'>accordingly</span> <span class='ocrx_word' id='word_1_297' title='bbox 675 2875 716 2921; x_wconf 86' lang='lat' dir='ltr'>tlre</span> <span class='ocrx_word' id='word_1_298' title='bbox 735 2874 844 2922; x_wconf 89' lang='lat' dir='ltr'>Romans</span> <span class='ocrx_word' id='word_1_299' title='bbox 860 2888 924 2920; x_wconf 88' lang='lat' dir='ltr'>were</span> <span class='ocrx_word' id='word_1_300' title='bbox 943 2872 1028 2934; x_wconf 86' lang='lat' dir='ltr'>sright·</span> 
     </span>
     <span class='ocr_line' id='line_1_38' title="bbox 101 2930 440 2990; baseline -0.003 -11"><span class='ocrx_word' id='word_1_301' title='bbox 101 2930 166 2979; x_wconf 88' lang='lat' dir='ltr'>erred</span> <span class='ocrx_word' id='word_1_302' title='bbox 178 2939 202 2976; x_wconf 90' lang='lat' dir='ltr'>at</span> <span class='ocrx_word' id='word_1_303' title='bbox 214 2930 276 2978; x_wconf 91' lang='lat' dir='ltr'>their</span> <span class='ocrx_word' id='word_1_304' title='bbox 285 2946 440 2990; x_wconf 81' lang='lat' dir='ltr'>appearance.</span> 
     </span>
    </p>
   </div>
   <div class='ocr_carea' id='block_1_11' title="bbox 102 3001 1028 3123">
    <p class='ocr_par' dir='ltr' id='par_1_12' title="bbox 102 3001 1028 3123">
     <span class='ocr_line' id='line_1_39' title="bbox 132 3001 1028 3060; baseline 0.001 -11"><span class='ocrx_word' id='word_1_305' title='bbox 132 3001 271 3050; x_wconf 73' lang='lat' dir='ltr'>‘Eaesertus</span> <span class='ocrx_word' id='word_1_306' title='bbox 290 3003 311 3050; x_wconf 91' lang='lat' dir='ltr'>is</span> <span class='ocrx_word' id='word_1_307' title='bbox 330 3003 371 3049; x_wconf 82' lang='lat' dir='ltr'>the</span> <span class='ocrx_word' id='word_1_308' title='bbox 390 3019 457 3050; x_wconf 89' lang='lat' dir='ltr'>same</span> <span class='ocrx_word' id='word_1_309' title='bbox 476 3019 502 3052; x_wconf 88' lang='lat' dir='ltr'>as</span> <span class='ocrx_word' id='word_1_310' title='bbox 521 3007 641 3060; x_wconf 56' lang='lat' dir='ltr'>nudatum</span> <span class='ocrx_word' id='word_1_311' title='bbox 659 3003 695 3051; x_wconf 85' lang='lat' dir='ltr'>for</span> <span class='ocrx_word' id='word_1_312' title='bbox 706 3004 747 3051; x_wconf 89' lang='lat' dir='ltr'>the</span> <span class='ocrx_word' id='word_1_313' title='bbox 765 3003 851 3059; x_wconf 86' lang='lat' dir='ltr'>Gauls,</span> <span class='ocrx_word' id='word_1_314' title='bbox 869 3003 894 3049; x_wconf 91' lang='lat' dir='ltr'>in</span> <span class='ocrx_word' id='word_1_315' title='bbox 914 3002 985 3051; x_wconf 91' lang='lat' dir='ltr'>times</span> <span class='ocrx_word' id='word_1_316' title='bbox 1000 3001 1028 3050; x_wconf 82' lang='lat' dir='ltr'>ol</span> 
     </span>
     <span class='ocr_line' id='line_1_40' title="bbox 102 3060 904 3123; baseline -0.001 -14"><span class='ocrx_word' id='word_1_317' title='bbox 102 3077 188 3123; x_wconf 87' lang='lat' dir='ltr'>peace,</span> <span class='ocrx_word' id='word_1_318' title='bbox 202 3060 263 3108; x_wconf 91' lang='lat' dir='ltr'>used</span> <span class='ocrx_word' id='word_1_319' title='bbox 274 3071 299 3108; x_wconf 91' lang='lat' dir='ltr'>tc</span> <span class='ocrx_word' id='word_1_320' title='bbox 310 3061 372 3108; x_wconf 90' lang='lat' dir='ltr'>have</span> <span class='ocrx_word' id='word_1_321' title='bbox 384 3061 447 3109; x_wconf 88' lang='lat' dir='ltr'>their</span> <span class='ocrx_word' id='word_1_322' title='bbox 457 3062 584 3110; x_wconf 87' lang='lat' dir='ltr'>shoulders</span> <span class='ocrx_word' id='word_1_323' title='bbox 596 3065 643 3110; x_wconf 88' lang='lat' dir='ltr'>and</span> <span class='ocrx_word' id='word_1_324' title='bbox 654 3065 747 3110; x_wconf 88' lang='lat' dir='ltr'>breasts</span> <span class='ocrx_word' id='word_1_325' title='bbox 759 3060 904 3109; x_wconf 88' lang='lat' dir='ltr'>uncovered.</span> 
     </span>
    </p>
   </div>
   <div class='ocr_carea' id='block_1_12' title="bbox 101 3133 1029 3318">
    <p class='ocr_par' dir='ltr' id='par_1_13' title="bbox 101 3133 1029 3318">
     <span class='ocr_line' id='line_1_41' title="bbox 133 3133 1029 3195; baseline 0.001 -13"><span class='ocrx_word' id='word_1_326' title='bbox 133 3134 269 3182; x_wconf 76' lang='lat' dir='ltr'>lEccr&#39;dere</span> <span class='ocrx_word' id='word_1_327' title='bbox 285 3134 354 3190; x_wconf 84' lang='lat' dir='ltr'>(from</span> <span class='ocrx_word' id='word_1_328' title='bbox 371 3152 398 3182; x_wconf 74' lang='lat' dir='ltr'>er</span> <span class='ocrx_word' id='word_1_329' title='bbox 413 3136 459 3182; x_wconf 86' lang='lat' dir='ltr'>and</span> <span class='ocrx_word' id='word_1_330' title='bbox 475 3139 561 3192; x_wconf 84' lang='lat' dir='ltr'>caedo),</span> <span class='ocrx_word' id='word_1_331' title='bbox 577 3141 616 3183; x_wconf 89' lang='lat' dir='ltr'>‘to</span> <span class='ocrx_word' id='word_1_332' title='bbox 627 3145 667 3183; x_wconf 90' lang='lat' dir='ltr'>cut</span> <span class='ocrx_word' id='word_1_333' title='bbox 679 3153 693 3183; x_wconf 90' lang='lat' dir='ltr'>a</span> <span class='ocrx_word' id='word_1_334' title='bbox 704 3136 771 3195; x_wconf 90' lang='lat' dir='ltr'>pieee</span> <span class='ocrx_word' id='word_1_335' title='bbox 782 3144 824 3182; x_wconf 88' lang='lat' dir='ltr'>out</span> <span class='ocrx_word' id='word_1_336' title='bbox 836 3134 864 3181; x_wconf 83' lang='lat' dir='ltr'>of</span> <span class='ocrx_word' id='word_1_337' title='bbox 876 3150 890 3181; x_wconf 87' lang='lat' dir='ltr'>a</span> <span class='ocrx_word' id='word_1_338' title='bbox 900 3133 989 3193; x_wconf 56' lang='lat' dir='ltr'>things</span> <span class='ocrx_word' id='word_1_339' title='bbox 1002 3148 1029 3183; x_wconf 78' lang='lat' dir='ltr'>cr</span> 
     </span>
     <span class='ocr_line' id='line_1_42' title="bbox 104 3193 1018 3256; baseline 0.001 -15"><span class='ocrx_word' id='word_1_340' title='bbox 104 3201 147 3241; x_wconf 79' lang='lat' dir='ltr'>‘to</span> <span class='ocrx_word' id='word_1_341' title='bbox 158 3193 235 3241; x_wconf 89' lang='lat' dir='ltr'>brealr</span> <span class='ocrx_word' id='word_1_342' title='bbox 246 3193 352 3253; x_wconf 86' lang='lat' dir='ltr'>through</span> <span class='ocrx_word' id='word_1_343' title='bbox 360 3194 377 3250; x_wconf 85' lang='lat'>;&#39;</span> <span class='ocrx_word' id='word_1_344' title='bbox 395 3195 471 3242; x_wconf 87' lang='lat' dir='ltr'>hence</span> <span class='ocrx_word' id='word_1_345' title='bbox 488 3194 528 3242; x_wconf 92' lang='lat' dir='ltr'>the</span> <span class='ocrx_word' id='word_1_346' title='bbox 545 3211 612 3242; x_wconf 89' lang='lat' dir='ltr'>same</span> <span class='ocrx_word' id='word_1_347' title='bbox 623 3195 681 3243; x_wconf 91' lang='lat' dir='ltr'>here</span> <span class='ocrx_word' id='word_1_348' title='bbox 693 3212 719 3243; x_wconf 88' lang='lat' dir='ltr'>ss</span> <span class='ocrx_word' id='word_1_349' title='bbox 727 3211 877 3256; x_wconf 81' lang='lat' dir='ltr'>perrumpere</span> <span class='ocrx_word' id='word_1_350' title='bbox 887 3207 913 3240; x_wconf 93' lang='lat' dir='ltr'>or</span> <span class='ocrx_word' id='word_1_351' title='bbox 920 3194 1018 3254; x_wconf 61' lang='lat' dir='ltr'>pedm</span> 
     </span>
     <span class='ocr_line' id='line_1_43' title="bbox 101 3269 167 3318; baseline -0.015 -16"><span class='ocrx_word' id='word_1_352' title='bbox 101 3269 167 3318; x_wconf 64' lang='lat' dir='ltr'>gere.</span> 
     </span>
    </p>
   </div>
   <div class='ocr_carea' id='block_1_13' title="bbox 134 3324 836 3389">
    <p class='ocr_par' dir='ltr' id='par_1_14' title="bbox 134 3324 836 3389">
     <span class='ocr_line' id='line_1_44' title="bbox 134 3324 836 3389; baseline -0.001 -17"><span class='ocrx_word' id='word_1_353' title='bbox 134 3325 143 3354; x_wconf 78' lang='lat'><strong><em>⁶</em></strong></span> <span class='ocrx_word' id='word_1_354' title='bbox 156 3325 232 3387; x_wconf 78' lang='lat' dir='ltr'>Queat</span> <span class='ocrx_word' id='word_1_355' title='bbox 242 3324 317 3373; x_wconf 86' lang='lat' dir='ltr'>refers</span> <span class='ocrx_word' id='word_1_356' title='bbox 327 3335 354 3372; x_wconf 87' lang='lat' dir='ltr'>to</span> <span class='ocrx_word' id='word_1_357' title='bbox 365 3342 414 3389; x_wconf 79' lang='lat' dir='ltr'>ego,</span> <span class='ocrx_word' id='word_1_358' title='bbox 427 3325 507 3375; x_wconf 84' lang='lat' dir='ltr'>which</span> <span class='ocrx_word' id='word_1_359' title='bbox 518 3325 539 3375; x_wconf 92' lang='lat' dir='ltr'>is</span> <span class='ocrx_word' id='word_1_360' title='bbox 550 3325 650 3388; x_wconf 88' lang='lat' dir='ltr'>implied</span> <span class='ocrx_word' id='word_1_361' title='bbox 660 3326 686 3376; x_wconf 91' lang='lat' dir='ltr'>in</span> <span class='ocrx_word' id='word_1_362' title='bbox 695 3324 836 3375; x_wconf 74' lang='lat' dir='ltr'>meritae.</span> 
     </span>
    </p>
   </div>
   <div class='ocr_carea' id='block_1_14' title="bbox 0 0 1143 3736">
    <p class='ocr_par' dir='ltr' id='par_1_15' title="bbox 0 0 1143 3736">
     <span class='ocr_line' id='line_1_45' title="bbox 0 0 1143 3736; baseline 0 0"><span class='ocrx_word' id='word_1_363' title='bbox 0 0 1143 3736; x_wconf 95' lang='lat' dir='ltr'> </span> 
     </span>
    </p>
   </div>
  </div>
 </body>
</html>
