2250 3736
96 255 134 312 ts
397 271 438 311 on
460 271 556 310 nanno
578 270 714 309 canarno.

96 380 173 434 batur
180 381 197 447 3¹
215 379 317 431 factum
337 379 417 432 etiarn
438 395 523 448 nuper
541 379 567 430 iu
587 378 663 430 ltalia
684 376 772 430 servili
793 377 931 446 tumultu,²
949 376 1034 446 qnod-

96 459 186 501 tamen
205 449 305 517 aliquid
326 466 390 501 usus
408 466 440 500 ac
459 448 606 517 disciplina,
620 465 702 516 quam
721 466 737 499 a
756 448 831 500 nobis
842 447 1022 515 accepissent,

97 518 276 570 sublevarent.
313 518 354 570 Ex
372 535 424 587 quo
441 517 553 586 judicari
572 524 668 585 posset,
682 525 811 584 quantum
830 515 943 568 haberet
956 516 983 567 in
995 529 1024 566 ss

97 586 159 639 boni
172 587 333 654 constantia,
351 597 489 656 propterea
502 586 572 654 quod
585 603 652 654 quos
664 586 828 653 aliquamdiu
840 587 959 637 inermes
967 585 1025 636 sino

97 672 179 707 causa
198 657 356 724 timuissent,
370 657 418 708 hos
435 665 528 724 postea
545 663 662 706 armatos
673 672 705 706 ac
717 657 831 707 victores
844 661 1025 722 superassent,

98 724 219 792 Denique
238 725 286 777 hos
305 742 364 776 esse
383 727 501 793 eosdem,
515 725 675 792 quibuscum
696 740 891 793 saepenumero
909 721 1025 775 Helvetii

98 794 233 860 congressi
246 811 296 846 non
317 794 402 846 solum
423 796 447 846 in
467 795 530 861 suis,
545 793 687 845 sedetiam
701 795 727 845 in
741 794 844 845 illorum
859 793 958 844 finibus
970 791 1025 860 ple·

99 879 212 929 rumque
225 863 444 932 superarint,⁴qui
459 873 549 914 tamen
562 880 640 930 pares
652 879 712 914 esse
731 872 818 915 nostro
832 862 961 913 exercitui
974 876 1027 912 non

99 933 240 1000 potuerlnt.
271 933 297 985 st
309 950 376 1000 quos
387 932 530 984 adversum
544 931 673 1000 proelium
688 939 714 983 et
727 932 791 999 fuga
803 931 941 983 Gallorum
956 946 1026 995 corn·

100 1010 228 1068 moveret,
242 1001 298 1068 hos,
312 1003 334 1053 si
352 1010 518 1070 quaererent,
538 1001 653 1069 reperire
672 1017 750 1067 posse
768 1001 944 1052 diuturnitate
962 997 1026 1051 belli

100 1069 252 1136 defatigatis
264 1070 348 1122 Gallis
361 1071 532 1138 Ariovistum,
543 1086 606 1121 cum
618 1069 717 1121 multos
724 1086 832 1122 menses
845 1069 940 1121 castris
953 1085 982 1120 se
994 1083 1028 1118 ac

100 1139 244 1215 paludibus
257 1141 385 1191 tenuisset
398 1157 486 1207 neque
499 1140 540 1191 sui
552 1147 713 1206 potestatem
725 1139 841 1207 fecisset,
853 1138 1027 1205 desperantes

99 1224 155 1275 Jarn
174 1209 208 1259 de
227 1226 315 1276 pugna
333 1217 359 1261 et
378 1208 511 1276 dispersos
530 1208 615 1260 subito
634 1207 755 1259 adortum
775 1209 861 1276 magis
880 1207 981 1257 ratione
1001 1214 1027 1256 et

101 1278 217 1344 consilio,
235 1294 316 1344 quarn
336 1279 432 1330 virtute
451 1278 556 1329 vicisse.
594 1276 643 1328 Cui
669 1276 761 1328 rationi
788 1286 879 1328 contra
903 1275 1027 1327 homines

104 1346 227 1397 barbaros
245 1354 325 1414 atque
338 1347 474 1415 imperitos
486 1346 560 1398 locns
572 1345 673 1414 fuisset,
688 1344 738 1396 hac
758 1363 791 1397 ne
811 1345 898 1413 ipsum
917 1343 1026 1412 quidem

102 1431 208 1482 sperare
227 1423 328 1466 nostros
347 1416 480 1467 exercitus
497 1416 566 1483 capi⁶
578 1431 665 1483 posse.
702 1415 754 1472 Qui
772 1433 850 1466 suurn
865 1415 989 1466 timorem
1002 1412 1029 1464 in

104 1483 141 1534 rei
154 1484 342 1535 frumentariae
361 1485 557 1536 simulationem
576 1483 766 1551 angustiasque
784 1484 908 1536 itinerum
927 1481 1028 1534 confer·

104 1566 169 1618 rent,
183 1552 272 1604 facere
284 1563 441 1621 arroganter,
455 1570 516 1605 cum
537 1561 583 1604 aut
596 1552 630 1604 de
643 1553 730 1604 officio
749 1553 915 1621 imperatoris
933 1552 1028 1618 despe-

104 1636 169 1690 rare,
181 1631 226 1674 aut
240 1623 420 1690 praescribere
433 1622 593 1674 viderentur.
630 1622 704 1673 Haec
717 1622 767 1674 sibi
780 1638 838 1673 esse
857 1637 956 1672 curae:
977 1620 1029 1672 fru-

105 1700 226 1743 mentum
245 1691 388 1760 Sequanos,
408 1692 519 1760 Leucoe,
538 1692 585 1743 Lin
607 1707 671 1742 ones
689 1690 897 1756 subministrare,
918 1689 1029 1758 jamque

105 1777 165 1812 esse
179 1761 204 1812 in
217 1761 287 1827 agris
300 1760 433 1813 frumenta
445 1773 566 1827 matura,
585 1709 618 1811 de
633 1760 725 1811 itinere
738 1760 810 1828 ipsos
823 1760 896 1811 brevi
910 1770 1029 1826 ternpore

103 1827 275 1898 judicaturos.
305 1829 381 1886 Quod
394 1847 445 1882 non
458 1830 513 1881 fore
526 1830 597 1881 dicto
609 1829 751 1881 audientes
763 1846 850 1908 neque
864 1829 941 1896 signa
955 1826 1030 1879 laturi

104 1899 232 1966 dicantur,
246 1898 312 1951 nihil
326 1917 354 1950 se
368 1916 401 1950 ea
414 1916 440 1950 re
453 1899 630 1966 commoveri,
649 1899 715 1950 scire
735 1915 808 1950 enim
825 1898 1032 1965 quibuscunque

105 1969 239 2020 exercitus
251 1968 322 2020 dicto
334 1968 446 2020 audiens
459 1986 509 2020 non
523 1967 610 2036 fuerit,
624 1976 670 2019 aut
683 1968 754 2019 male
769 1984 796 2018 re
809 1976 885 2034 gesta
897 1966 1032 2018 fortunam

105 2037 232 2105 defuisse,
245 2046 291 2089 aut
303 2037 392 2105 aliquo
406 2037 521 2089 facinore
541 2041 676 2106 compert'o
689 2037 827 2088 avaritiam
846 2052 906 2087 esse
927 2037 1032 2088 convic-

104 2114 161 2158 tam
169 2107 187 2159 :⁶
198 2124 275 2159 suam
287 2107 464 2159 innocentiam
475 2114 604 2175 perpetua
612 2107 673 2174 vita,
683 2106 839 2157 felicitatem
848 2105 1033 2157 Helvetiorum

104 2175 176 2228 bello
188 2193 248 2228 esse
261 2185 438 2245 perspectam.
463 2177 556 2244 Itaque
570 2193 599 2227 se
612 2175 682 2243 quod
695 2175 721 2227 in
735 2175 878 2242 longiorem
892 2173 967 2226 diem
981 2172 1032 2225 col·

105 2245 207 2298 laturus
219 2244 320 2315 fuisset,
335 2245 605 2314 repraesentaturum⁷
617 2254 643 2296 et
656 2245 777 2314 proxima
788 2252 866 2296 nocte
884 2242 919 2294 de
939 2253 1034 2311 quarta

134 2412 143 2438 ¹
157 2408 296 2466 Videbam,
309 2408 350 2456 the
362 2408 500 2464 indicative,
513 2407 608 2455 instead
618 2398 647 2455 of
658 2408 700 2455 the
711 2407 874 2467 subjunctive,
888 2406 909 2455 is
921 2422 937 2454 a
946 2405 1033 2456 transi·

105 2469 156 2517 tion
167 2468 229 2515 from
241 2468 282 2516 the
294 2468 394 2516 indirect
407 2467 484 2515 rothe
496 2466 571 2515 direct
583 2467 681 2525 speech.

135 2543 144 2571 ⁹
157 2541 284 2590 Tumultus
295 2541 316 2589 is
328 2541 369 2588 the
381 2556 451 2588 name
463 2540 499 2588 sor
510 2555 558 2600 any
564 2555 615 2586 war
626 2539 717 2587 carried
728 2554 759 2586 on
766 2539 796 2586 in
805 2539 877 2598 Italy.
906 2537 959 2586 Cic.
967 2537 1034 2589 Phss.

106 2602 156 2650 viii.
169 2604 189 2648 1.
222 2600 277 2647 The
288 2601 376 2648 servile
387 2615 437 2647 war
449 2599 506 2646 here
522 2598 620 2648 alluded
635 2608 660 2646 to
677 2599 698 2646 is
714 2598 766 2645 that
782 2598 810 2646 of
823 2599 964 2657 Spartacus,
978 2597 1036 2646 who

106 2676 158 2709 was
170 2659 281 2708 defeated
296 2660 320 2706 in
337 2674 360 2706 a.
373 2674 394 2706 c.
406 2663 434 2708 71
447 2660 480 2718 by
492 2658 527 2705 M.
541 2658 650 2706 Licinius
663 2658 776 2715 Crassus,
790 2658 837 2706 and
848 2673 939 2718 among
950 2657 1035 2706 whose

106 2736 163 2768 men
174 2719 242 2766 there
253 2734 317 2766 were
329 2734 343 2765 a
353 2727 421 2779 great
432 2733 506 2777 many
516 2717 645 2764 Germans.

136 2792 222 2898 ¹,me
234 2791 309 2841 refers
320 2800 346 2839 to
356 2808 445 2848 seruos,
455 2790 535 2838 which
546 2791 567 2838 is
578 2789 678 2849 implied
689 2789 828 2838 inservitis.
855 2789 903 2838 See
914 2788 986 2849 chep.
995 2790 1035 2848 36,

107 2867 163 2900 noe
192 2887 197 2898 .
278 2873 284 2882 ·

136 2926 145 2953 ⁴
155 2924 210 2970 The
222 2924 302 2983 object
313 2931 338 2970 to
349 2924 486 2985 superarint
503 2922 524 2970 is
535 2938 602 2982 quos,
616 2921 697 2970 which
713 2930 779 2970 must
789 2923 821 2969 be
831 2921 908 2970 taken
918 2921 984 2971 from
993 2921 1037 2971 tho

107 2982 237 3043 preceding
248 2985 341 3042 qurbus.

137 3059 146 3085 ⁶
159 3057 230 3118 Copi,·
249 3055 342 3112 thetis,
356 3058 383 3104 iu
391 3058 506 3117 fraudem
517 3057 607 3112 iudaei,
620 3071 647 3103 or
658 3065 683 3103 to
693 3057 724 3103 bs
736 3054 861 3103 deceived.

137 3128 291 3175 ‘Avaritiam
307 3145 357 3176 esse
371 3131 510 3185 conuictum
529 3127 582 3176 that
599 3128 628 3184 is,
642 3130 696 3176 illos
715 3127 831 3182 (millitest
848 3130 970 3179 avaritiae
984 3147 1036 3178 corr·

109 3190 180 3236 uictos
192 3204 254 3234 esre:
273 3202 301 3234 or
312 3187 383 3233 when
394 3203 441 3246 any
452 3188 526 3235 crime
537 3202 589 3234 was
600 3187 750 3244 discovered,
764 3187 782 3235 it
793 3202 845 3235 was
857 3187 952 3250 always
963 3190 1039 3240 found

111 3247 161 3294 that
173 3246 213 3292 the
225 3245 326 3293 soldiers
338 3245 385 3293 had
397 3247 459 3293 been
471 3247 510 3294 led
520 3256 546 3293 to
558 3246 576 3292 it
587 3247 620 3304 by
632 3247 734 3293 avarice.

137 3319 147 3338 ²
156 3318 223 3366 t'hat
234 3318 264 3373 is,
277 3320 358 3367 statim
367 3320 500 3379 facturum,
513 3319 544 3366 he
556 3318 638 3367 would
649 3318 680 3367 do
690 3318 709 3366 it
720 3326 745 3366 ut
756 3332 826 3368 once.
