2250 3736
106 237 163 298 106
356 249 359 254 ’
404 257 446 296 nn
467 257 564 296 sunno
586 257 722 301 cancico.

102 373 207 444 septem
230 364 265 418 ab
288 380 321 418 eo
338 362 397 417 loco
414 382 567 435 progressus
584 375 674 435 aperto
692 383 725 418 sc
742 365 821 436 plano
840 355 966 420 litors¹'nt

101 435 245 488 coustituit.

137 508 179 557 24.
202 507 238 557 At
264 502 370 555 barbari
397 503 506 555 consilio
531 504 708 556 Romanorum
739 504 850 574 cognito,
879 522 966 574 praem

101 574 221 641 equitatu
238 581 265 624 et
283 573 506 642 essedariis,².quo
524 571 681 641 plerumque
699 591 798 641 genere
817 575 843 627 in
881 575 967 627 roeliis

101 651 269 710 consuerunt,
291 641 400 709 reliquls
423 642 505 711 copiis
528 641 664 694 subsecuti
682 653 785 696 nostros
803 592 916 696 navibus
934 662 966 712 eg

101 711 285 780 prohibebant.
323 711 386 763 Erat
409 710 443 763 ob
461 711 511 763 has
533 727 630 763 causas
653 728 759 765 summa
782 712 934 781 difficultas,
953 730 966 782 q

101 797 186 833 naves
215 791 320 849 propter
343 780 556 848 magnitudinem
585 780 637 832 nisi
666 781 692 832 in
721 781 785 833 alto⁸
808 783 933 835 constitui

100 858 229 920 poterant,
254 849 384 903 militibus
407 858 506 918 autern,
530 849 626 917 ignotis
649 850 721 917 locis,
741 851 878 920 impeditis
899 853 966 904 marn

100 936 198 987 magno
218 928 244 971 et
263 920 336 986 gravi
353 935 433 970 onere
451 935 585 971 annorum
603 920 737 987 oppressis
755 919 835 972 simul
853 931 880 972 et
898 920 933 973 de
951 937 966 972 n

100 987 152 1041 bus
170 989 349 1041 desiliendum
368 995 395 1039 et
413 988 439 1039 in
460 987 585 1039 fluctibus
603 987 803 1042 consistendum
821 998 848 1041 et
866 993 929 1042 cum
942 989 966 1042 hi

100 1056 152 1110 bus
170 1068 225 1110 erat
244 1056 424 1126 pugnandum,
445 1074 508 1109 cum
527 1055 564 1108 illi
587 1065 633 1109 aut
657 1074 691 1109 ex
713 1059 786 1110 arido
804 1067 849 1110 aut
867 1058 966 1128 paulun

100 1143 198 1195 aquarn
211 1126 350 1196 progressi,
363 1125 487 1178 omnibus
499 1126 628 1179 membris
639 1127 778 1195 expeditis,
792 1129 937 1181 notissimis
949 1128 966 1180 lt

100 1196 229 1248 audacter
256 1196 309 1248 tela
332 1195 494 1264 conjicerent
520 1203 546 1247 et
572 1212 656 1263 equos
679 1196 851 1249 insuefactos⁴
873 1198 966 1250 incitor

100 1266 204 1322 Quibus
227 1265 307 1318 rebus
330 1266 411 1317 nostri
434 1263 564 1334 perterriti
583 1273 665 1332 atquc
684 1263 763 1335 hujus
786 1267 893 1318 omuino
916 1284 966 1335 gen

99 1351 206 1403 pugnae
237 1333 352 1402 imperiti
381 1350 432 1385 non
462 1333 559 1385 eadem
582 1333 719 1385 alacritate
743 1351 775 1386 ac
799 1336 894 1406 studio,
918 1352 966 1405 quo

99 1402 269 1472 pedestribus
289 1402 327 1453 uti
344 1403 451 1470 proeliis
468 1411 634 1471 consuerant,
653 1402 813 1456 nitebantur.

135 1476 176 1522 25.
195 1471 272 1528 Quod
290 1471 336 1523 ubi
355 1472 452 1523 Caesar
469 1471 663 1540 animadvertit,
683 1489 766 1524 naves
784 1473 884 1543 longas,
908 1491 966 1543 quai

99 1550 126 1593 et
145 1542 250 1610 species
268 1549 323 1592 erat
342 1540 460 1593 barbaris
477 1541 624 1592 inusitatior
636 1549 662 1592 et
674 1549 763 1594 motus
774 1542 809 1594 ad
821 1558 903 1595 usum
915 1561 966 1614 errp

100 1610 155 1679 tior,
169 1610 278 1678 paulurn
298 1611 428 1661 removeri
446 1609 481 1662 ab
500 1610 626 1661 onerariis
644 1610 757 1662 navibus
775 1620 802 1663 et
821 1613 904 1664 remis
921 1612 966 1664 inc

99 1687 127 1731 ot
150 1679 183 1731 ad
208 1678 278 1730 latus
301 1680 434 1747 apertum⁶
457 1677 573 1730 hostiurn
597 1679 720 1730 constitui
743 1687 824 1748 atque
842 1681 905 1733 lude
923 1681 966 1736 fur

99 1748 210 1816 sagittis,
225 1748 363 1800 tormentis
375 1747 464 1800 hostes
481 1746 590 1816 propelli
608 1764 640 1799 ac
659 1749 821 1801 summoveri
838 1748 933 1819 jussit,
950 1768 966 1820 q

99 1833 142 1868 res
166 1833 262 1884 magno
286 1817 347 1868 usui
370 1817 465 1868 nostris
489 1816 548 1868 suit.
596 1817 666 1868 Nam
690 1825 717 1868 et
746 1818 856 1870 navium
886 1819 966 1888 figure

99 1901 233 1938 remorum
257 1895 330 1938 motu
355 1894 382 1938 et
406 1885 530 1938 inusitato
559 1902 657 1952 genere
687 1894 878 1940 tormentorum
907 1906 966 1958 perr

98 1952 204 2007 barbari
233 1955 406 2007 constiterunt
429 1972 462 2006 ac
484 1954 595 2022 paulum
625 1954 713 2006 modo⁶
736 1955 834 2023 pedem
866 1958 966 2011 retulsr·

98 2024 187 2091 Atque
211 2026 307 2076 uostris
329 2023 460 2076 militibus
483 2023 677 2093 cunctantibus
696 2025 814 2077 maxime
857 2042 884 2077 ro
905 2035 945 2080 ter

35 2122 39 2128 ·
98 2092 219 2144 tudinem
242 2093 330 2161 maris,
349 2093 394 2160 qui
417 2092 540 2144 decimae
563 2092 673 2160 legionis
692 2093 810 2161 aquilam
840 2044 966 2166 eseban«

97 2163 220 2214 testatus⁷
236 2163 309 2228 deos,
328 2170 357 2214 ut
381 2180 414 2213 ea
437 2162 488 2213 res⁸
505 2161 602 2230 legioni
621 2161 733 2214 feliciter
750 2164 878 2232 eveniret,
898 2164 966 2218 Desi

97 2230 191 2299 inquit,
210 2231 412 2301 commilitones,
432 2231 484 2284 nisi
502 2231 582 2283 vultis
605 2231 724 2298 aquilam
747 2231 868 2286 hostibus
890 2233 966 2302 prod«

97 2310 230 2366 egocerte
244 2319 336 2353 meum
350 2300 522 2370 reipublicae
540 2308 619 2369 atque
637 2300 787 2369 imperatori
806 2302 925 2356 officium
944 2319 966 2372 p

98 2370 196 2420 stitero.
232 2371 289 2421 Hoc
307 2388 370 2423 cum
388 2387 454 2422 voce
477 2387 574 2437 magna
593 2368 702 2421 dixisset
730 2386 759 2420 se
778 2387 812 2422 ex
830 2372 892 2423 navi
909 2369 966 2440 proj

97 2445 177 2506 atque
197 2438 224 2490 in
241 2437 333 2491 hostes
350 2439 467 2508 aquilam
485 2437 554 2490 serre
572 2438 667 2507 coepit.
703 2407 773 2490 hum
791 2441 874 2492 nostri
892 2442 964 2494 coho

96 2708 112 2755 b
126 2648 209 2754 ¹hr'iiat
220 2647 250 2706 is,
263 2664 296 2696 on
305 2665 320 2697 c
330 2657 382 2709 part
394 2649 422 2697 os
434 2648 475 2697 the
487 2657 554 2696 coast
565 2647 645 2697 which
655 2663 706 2696 was
717 2648 769 2706 flat,
782 2648 830 2698 and
840 2658 883 2697 not
894 2659 966 2710 prote

113 2723 129 2768 y
157 2723 165 2755 1
184 2724 204 2755 s.

95 2779 198 2887 tW²oThlp
210 2784 374 2887 eqsedoewere
385 2797 399 2829 a
410 2780 471 2841 light
480 2778 539 2827 hind
549 2779 634 2845 olywsr
642 2779 757 2838 cheriem,
765 2779 966 2841 probablywitht

156 2855 179 2886 w
198 2856 257 2888 ees.

124 2902 172 2959 ἡΙφι
183 2915 245 2968 olto,·
263 2912 369 2971 namcly,
381 2912 451 2968 nuri,
466 2911 506 2959 ‘in
516 2911 558 2959 tho
569 2926 632 2970 open
643 2910 701 2959 seu!

123 2994 317 3051 ¹Accustomed,
330 2994 436 3054 namely‚
450 3003 475 3042 to
486 3009 516 3055 go
528 2994 578 3042 into
589 2995 631 3042 the
643 3003 726 3042 water.

122 3079 219 3128 ‘Lotus
229 3091 335 3143 opertum
345 3082 375 3137 is,
389 3081 430 3128 the
440 3080 615 3138 tunprotected
625 3078 685 3128 side*
696 3094 723 3126 or
734 3075 814 3138 ‘wing
832 3078 861 3126 of
867 3078 908 3127 the
918 3092 966 3128 enci

123 3162 247 3211 'Paulum
256 3167 328 3220 modo,
345 3164 415 3223 ‘only
426 3179 441 3211 a
452 3162 530 3210 little!

122 3238 132 3266 ²
143 3239 295 3287 contestatus
305 3239 362 3286 here
374 3238 419 3286 hus
430 3239 472 3286 the
483 3236 598 3298 meaning
608 3237 636 3286 of
646 3244 800 3301 comprecatus
811 3251 839 3286 cr
850 3244 963 3300 precatu.

121 3307 256 3373 ”Namelffi
270 3311 336 3362 what
347 3311 379 3360 he
390 3326 441 3360 was
452 3312 526 3374 going
535 3321 561 3360 to
572 3311 612 3361 do.
