2250 3736
457 248 552 290 masa
572 251 594 295 1.
950 235 990 292 47

97 365 163 404 usum
172 353 288 411 habebant
297 360 316 411 :1
332 375 448 428 quorum
459 358 528 411 alius
540 359 592 411 alia
604 375 685 412 causa
703 359 784 430 illata,
796 376 879 428 quam
892 359 941 412 sibi
954 359 988 413 ad

97 421 283 486 proficiscendum
291 428 472 481 necessariam
481 445 541 480 esse
549 429 657 497 diceret,
667 429 783 498 petebat,
795 436 822 480 ut
832 428 891 501 ejus
899 428 989 481 volun·

97 494 143 539 tate
160 492 279 549 discedere
298 497 392 549 liceret
399 513 407 565 3
434 497 553 550 nonnulli
578 497 678 567 pudore
704 498 822 564 adducti,
841 506 870 550 ut
889 498 989 550 timoris

97 559 240 626 suspicionem
260 566 381 635 vitarent,
395 567 578 620 remanebant.
614 568 648 618 Hi
666 584 753 635 neque
767 567 871 619 vultum
889 568 990 634 fingere

97 641 166 694 neque
180 632 303 687 interdum
321 636 448 688 lacrimas
466 646 557 688 tenere
576 646 710 704 poterant:
730 636 815 688 abditi
828 637 855 688 in
867 636 990 688 taberna-

98 695 151 748 culis
160 712 196 753 cut
206 722 281 757 suum
294 704 381 758 fatum
399 705 586 775 querebantur,
599 715 645 758 aut
664 723 727 758 oum
745 705 922 758 familiaribus
935 706 990 758 suis

97 779 209 824 commune
221 775 371 841 periculum
382 775 585 827 miserabantur.
621 774 707 842 Vulgo
720 774 781 827 totis
799 774 892 826 castris
910 780 990 826 testa·

96 847 167 910 menta
182 841 393 911 obsignabantur.
430 845 530 896 Horum
551 844 662 896 vocibus
685 861 717 895 ac
741 845 835 927 timore
860 844 990 912 paulatim

97 908 159 959 etiam
169 908 199 980 hi,
211 913 255 980 qui
273 930 403 981 magnum
415 913 442 965 in
454 913 548 966 castris
565 928 645 966 usum
658 912 801 978 habebant,
816 913 916 964 milites
928 930 990 965 ceu·

96 974 243 1049 turinnesque,
257 983 357 1050 quique
369 983 499 1050 equitatui
511 992 657 1051 praeerant,
671 982 901 1051 perturbabantur.
937 980 990 1039 Qui

96 1055 121 1090 ⁸0
133 1061 158 1098 ex
171 1048 209 1102 his
226 1052 316 1103 minus
333 1052 441 1103 timidos
459 1052 606 1104 existimari
619 1051 751 1119 volebant,
764 1068 815 1104 non
835 1068 865 1103 se
885 1051 990 1102 hostem

96 1116 166 1186 ¹vereri,
177 1119 221 1171 sed
240 1121 378 1188 angustias
390 1121 491 1173 itineris
503 1129 530 1173 et
542 1121 753 1187 magnitudinem
771 1121 906 1187 silvarum,
920 1135 990 1186 quae

95 1187 193 1255 intereos
211 1198 291 1257 atque
304 1190 467 1242 Ariovistum
486 1190 689 1259 intercederent,
702 1199 748 1242 aut
769 1207 825 1241 rem
844 1189 990 1241 frumenta·

95 1254 159 1322 rum,¹
175 1266 199 1309 ut
219 1260 283 1310 satis
303 1259 444 1312 commode
464 1260 610 1328 supportari
629 1268 725 1328 posset,
746 1259 839 1310 timere
857 1257 990 1335 dicebant.

93 1314 193 1393 Nonnulli
211 1329 292 1380 etiam
313 1329 419 1381 Caesari
439 1328 632 1397 renuntiabant,
651 1346 714 1381 cum
734 1337 820 1380 castra
840 1344 940 1379 moveri
959 1343 992 1377 ao

94 1399 151 1453 Signa
164 1395 220 1448 lerri
238 1396 369 1466 jussisset,
389 1414 440 1450 non
459 1398 514 1450 iore
533 1397 603 1450 dicto
621 1397 764 1450 audientes
781 1397 883 1450 milites
901 1411 991 1464 neque

93 1468 174 1525 propter
184 1467 305 1518 timorem
319 1467 394 1534 signa
406 1466 513 1519 laturos.
925 1535 930 1544 Ι

120 1532 151 1581 40.
166 1533 236 1588 Haeo
248 1552 311 1588 cum
324 1536 563 1605 animadvertisset,
577 1544 721 1588 convocato
740 1535 848 1588 consilio
860 1551 991 1587 omnium·

93 1607 133 1658 ‘lle
150 1603 274 1656 ordinum³
291 1605 325 1657 ad
345 1605 371 1657 id
390 1605 529 1658 consilium
546 1605 675 1658 adhibitis
692 1605 891 1657 centurionibus
910 1603 991 1655 vehe·
1063 1662 1066 1669 ,

93 1675 173 1722 menter
183 1689 228 1725 eos
240 1675 388 1726 incusavit:
408 1675 531 1744 primum,
545 1675 616 1743 quod
629 1683 675 1726 aut
687 1691 769 1743 quam
784 1675 809 1725 in
822 1682 934 1741 partem,
945 1679 992 1725 aut

92 1744 132 1796 quo
150 1743 251 1794 consilio
276 1742 444 1812 ducerentur,
464 1744 513 1796 sibi
539 1743 724 1812 quaerendum
749 1753 795 1795 aut
820 1743 991 1810 cogitandum

92 1810 197 1865 Putarem.
233 1811 398 1865 Ariovistum
417 1830 446 1864 se
464 1813 573 1864 consule
592 1813 764 1881 cupidissime
777 1812 868 1881 populi
881 1811 992 1864 Romani

91 1872 210 1945 amicitiam
223 1883 376 1950 appetisse:
397 1899 443 1934 eur
453 1882 524 1934 huno
535 1891 588 1934 tam
600 1891 700 1934 temere
709 1883 851 1950 quisquam
860 1882 895 1934 ab
903 1882 989 1933 officit

92 1933 246 2002 discessurum
264 1949 418 2019 judicaretl
454 1951 508 2004 Sibi
520 1952 631 2019 quidem
644 1951 796 2020 persuaderi
810 1951 924 2018 cognitis
936 1951 992 2002 suis

91 2014 205 2071 ustulatis
221 2028 303 2087 atque
322 2021 457 2088 aequitate
475 2021 657 2073 conditionum
676 2029 815 2088 perspecta
827 2038 890 2072 eum
904 2035 992 2088 neque

91 2087 150 2134 suam
169 2104 253 2157 neque
270 2089 360 2157 populi
375 2090 487 2142 Romani
498 2090 613 2156 gratiam
627 2089 834 2157 repudiaturum.
872 2089 948 2148 Quod
968 2105 990 2141 sr

92 2138 160 2203 lurore
170 2167 247 2225 atque
260 2159 379 2211 amentia
391 2158 523 2228 impulsus
534 2159 635 2211 bellum
650 2159 789 2226 intulisset,
803 2158 867 2227 quid
882 2158 992 2210 tandem

91 2223 238 2279 vererentust
257 2235 304 2279 aut
324 2244 372 2279 our
391 2229 426 2279 de
447 2245 495 2280 sua
513 2228 610 2280 virtute
630 2237 677 2280 aut
697 2228 731 2279 de
751 2228 835 2296 ipsius
854 2227 992 2294 diligentia

91 2275 257 2352 desperarent
277 2296 391 2348 Factum
402 2295 461 2366 ejus
473 2296 557 2349 hostis
569 2297 716 2365 periculum
726 2306 832 2365 patrum
844 2305 992 2348 nostrorum
1014 2361 1017 2368 Ι

91 2361 204 2432 memona,
217 2383 281 2418 oum
301 2365 415 2418 Cimbris
434 2374 461 2418 et
473 2367 602 2418 Teutonis
620 2384 636 2417 a
655 2367 717 2418 Caio
729 2367 816 2418 Mario
837 2366 922 2435 pulsis
940 2382 991 2417 non

91 2428 197 2486 minorem
209 2434 317 2487 laudern
330 2436 469 2506 exercitus,
483 2453 565 2504 quam
578 2436 635 2504 ipse
648 2436 789 2504 imperator
799 2437 910 2487 meritus
918 2435 991 2487 vide·

93 2528 988 2561 χ--ᾑ-*ῇ-

91 2603 123 2706 RS
134 2607 213 2666 Caesar
224 2636 274 2668 was
291 2621 462 2679 accompanied
478 2621 503 2668 in
516 2621 580 2669 Gaul
595 2623 629 2682 by
640 2637 655 2668 a
670 2620 735 2680 large
752 2623 855 2669 number
870 2620 898 2668 of
910 2634 992 2680 young

90 2679 188 2795 8¹¹1}pr
197 2679 353 2797 {lgpffmd
364 2696 391 2728 as
402 2682 510 2728 tribunes
522 2681 550 2728 of
557 2680 598 2728 the
609 2681 720 2737 soldiers,
734 2696 760 2728 or
771 2697 798 2728 as
809 2680 904 2728 officere
916 2679 943 2727 of
952 2677 992 2728 the

113 2793 174 2853 'The
185 2812 319 2859 accusative
332 2828 378 2860 reru
406 2815 573 2860 ramentoriom
584 2812 604 2860 is
615 2829 630 2860 a
640 2811 804 2860 construction
816 2811 919 2870 adopted
931 2812 992 2862 sronr

90 2845 124 2898 the
134 2858 206 2916 Greek
222 2871 351 2978 languape,
364 2814 445 2918 vibere
462 2872 480 2918 it
497 2873 517 2919 is
528 2887 587 2931 very
598 2886 724 2926 eomm0n3
742 2870 783 2916 the
795 2870 907 2930 ordinary
920 2872 992 2920 Latin

89 2919 231 3023 cplilllumm
241 2931 306 2978 woul
333 2933 377 2978 be:
395 2939 438 2978 oct
447 2948 483 2978 res
488 2932 652 2991 frumentaria
663 2932 723 2978 satis
734 2933 846 2977 commode
856 2940 992 2992 supportari

89 3042 176 3141 ,elThe
190 3064 282 3110 ordines
298 3078 338 3110 are
355 3064 396 3111 the
411 3065 537 3126 manipuli,
550 3063 579 3111 of
590 3063 670 3110 which
687 3062 755 3110 there
771 3078 836 3110 were
853 3064 928 3123 thirty
939 3065 992 3114 ina

110 3114 164 3167 3¹⁰&
180 3121 223 3168 and
241 3122 308 3169 three
325 3123 349 3169 in
366 3138 379 3169 o
395 3123 486 3170 cohort.
518 3123 586 3169 Eaeh
602 3122 624 3168 le
643 3123 683 3169 ion
698 3121 745 3169 had
761 3123 827 3182 sixty
838 3124 990 3182 centurionst

89 3160 336 3298 fflsslltthgrpppsiples
347 3181 447 3230 differed
458 3181 484 3229 in
494 3181 563 3238 rank,
576 3197 605 3229 so
615 3139 667 3229 also
678 3181 720 3229 the
731 3183 871 3233 centurione
882 3196 947 3228 were
963 3185 987 3230 ol
