2250 3736
96 219 136 278 68
398 237 439 276 nn
461 239 558 278 annno
580 239 716 278 eunuco.

98 353 202 424 parunt.
237 343 291 398 Ubi
305 360 390 413 prima
403 344 596 414 impedimenta
608 347 689 399 nostri
703 345 836 398 exercitus
854 345 890 398 ab
907 344 958 414 his,
973 343 1018 414 qui

17 431 20 435 ’
98 432 125 466 rn
149 413 223 465 suris
246 413 330 466 abditi
356 414 482 484 latebant,
502 416 558 466 visa
582 426 651 485 sunt,
671 416 741 484 quod
760 425 869 483 tempus
887 417 1019 468 intereos

97 483 282 534 committendi
295 483 385 552 proelii
399 493 568 552 convenerat,
584 485 639 554 ita,¹
651 495 679 537 ut
693 485 761 536 intra
781 485 862 537 silvas
880 485 969 536 aciem
981 501 1019 535 or-

97 551 228 620 dinesque
247 553 437 604 constituerant
455 562 536 622 atque
549 554 599 622 ipsi
618 571 677 605 sese
690 555 919 622 confirmaverant,
934 553 1019 605 subito

98 621 222 673 omuibus
239 622 323 689 copiis
341 624 543 690 provolaverunt
563 625 748 691 impetumque
761 624 787 675 in
800 632 903 674 nostros
915 623 1020 691 equites

97 688 228 742 lecerunt.
264 692 313 742 His
325 690 404 742 facile
414 692 498 760 pulsis
510 709 542 743 ac
552 694 711 760 proturbatis
720 691 871 744 incredibili
880 692 1020 743 celeritate

97 759 132 810 ad
145 759 246 812 flumen
260 761 475 830 decucurrerunt,
486 771 514 813 ut
524 779 610 829 paene
620 779 671 814 uno
680 771 800 830 tempore
813 769 840 812 et
851 760 887 812 ad
900 761 982 812 silvas
994 768 1021 813 et

98 828 126 880 in
138 829 250 881 flumine
262 838 289 881 et
301 829 356 899 jam
370 830 398 880 in
409 831 534 882 manibus
552 831 649 882 nostris
667 831 757 882 hostes
769 830 933 882 viderentur.
970 831 1021 883 Ea·

98 897 162 950 dem
174 908 267 950 autem
276 899 413 951 celeritate
422 899 534 951 adverso
544 899 622 951 colle²
632 900 666 952 ad
679 908 767 952 nostra
776 910 863 952 castra
875 908 957 968 atque
966 916 1020 969 eos,

98 968 144 1036 qui
156 967 274 1036 inopere
287 969 409 1036 occupati
423 977 505 1038 erant,
519 969 720 1021 contenderunt.

133 1041 175 1088 20.
194 1037 302 1089 Caesari
319 1037 408 1089 omnia
427 1054 479 1090 uno
497 1047 618 1106 tempore
642 1046 716 1090 erant
740 1037 860 1105 agenda:
882 1036 1023 1089 vexillum·

97 1107 306 1175 proponendum,
321 1106 390 1174 quod
403 1116 460 1158 erat
473 1107 584 1176 insigne,
598 1123 661 1159 curn
676 1107 711 1159 ad
729 1124 803 1159 arma
816 1107 936 1158 concurri
948 1123 1021 1174 opor·

97 1177 294 1245 teret,signu1n
312 1175 376 1228 tuba
395 1175 522 1244 dandum,
539 1176 575 1228 ab
592 1193 672 1244 opere
691 1177 833 1229 revocandi
851 1176 962 1245 milites,
976 1175 1021 1244 qui

97 1244 177 1313 paulo
195 1245 299 1312 longius
317 1246 422 1312 aggeris
440 1245 549 1313 petendi
562 1262 643 1297 causa
656 1253 845 1314 processerant,
859 1245 1020 1314 arcessendi,

97 1315 171 1365 acies
189 1314 351 1382 instruenda,
364 1314 464 1366 milites
481 1314 642 1383 cohortandi,
663 1316 769 1384 signum
787 1314 915 1366 dandum.
952 1313 1021 1372 Qua-

97 1398 157 1434 rum
175 1400 264 1435 rerum
281 1400 409 1449 magnam
427 1391 531 1452 partem
550 1385 677 1452 temporis
689 1385 806 1436 brevitas
824 1395 851 1435 et
870 1385 1022 1435 sucoessus‘

97 1450 215 1504 hostium
228 1451 400 1519 impediebat.
437 1453 485 1503 His
497 1453 700 1506 difficultatibus
717 1453 787 1505 duae
806 1470 848 1504 res
865 1460 942 1504 erant
961 1451 1022 1504 sub·

98 1520 180 1573 sidio:
201 1521 313 1573 scientia
325 1528 405 1589 atque
417 1537 482 1572 usus
493 1522 617 1590 militurn,
632 1523 700 1591 quod
720 1521 899 1591 superioribus
914 1521 1023 1589 proeliis

98 1591 245 1660 exercitati,
259 1590 322 1658 quid
334 1590 391 1641 fieri
405 1598 544 1658 oporteret,
558 1607 611 1642 non
628 1592 718 1642 minus
737 1590 878 1643 commode
896 1590 949 1658 ipsi
969 1589 1021 1643 sibi

97 1660 278 1728 praescribere
300 1676 383 1727 quam
400 1659 435 1711 ab
452 1658 513 1710 aliis
525 1659 614 1711 doceri
628 1669 756 1728 poterant,
770 1671 796 1712 et
810 1659 879 1728 quod
892 1659 928 1711 ab
941 1675 1022 1728 opere

98 1728 263 1798 singulisque
280 1698 431 1796 legionibus
450 1728 567 1796 singulos
586 1729 687 1796 legatos
700 1728 952 1783 Caesardiscedere
971 1728 1023 1781 nisi

97 1799 209 1850 munitis
226 1799 321 1849 castris
339 1806 469 1849 vetuerat.
506 1799 540 1850 Hi
562 1808 667 1866 propter
690 1799 915 1867 propinquitatem
933 1806 961 1850 et
979 1815 1023 1849 oe-

98 1866 233 1918 leritatem
244 1867 362 1919 hostium
373 1866 439 1918 nihil
450 1865 508 1934 jam
520 1868 641 1920 Caesaris
659 1868 802 1935 imperium
817 1866 1022 1938 exspectabant,

98 1935 146 1987 sed
160 1953 207 2003 per
219 1953 248 1987 se
261 1952 330 2003 quae
343 1936 512 1988 videbantur⁵
523 1937 756 1989 administrabant.

134 2009 176 2056 21.
189 2005 286 2056 Caesar
294 2006 452 2057 necessariis
460 2005 540 2057 rebus
548 2007 684 2074 imparatis
693 2005 726 2057 ad
737 2005 913 2057 cohortandos
920 2005 1025 2058 milites

98 2089 181 2141 quam
193 2075 220 2125 in
232 2082 336 2142 partem
348 2073 402 2126 sors
413 2074 515 2142 obtulit,
530 2075 680 2127 decucurrit
699 2084 726 2126 et
745 2075 779 2127 ad
797 2075 935 2141 legionem
950 2075 1024 2127 deci·

97 2159 173 2194 mam
185 2142 302 2194 devenit.
321 2143 424 2195 Milites
436 2158 488 2195 non
500 2144 617 2210 longiore
630 2145 747 2196 oratione
760 2143 920 2212 cohortatus,
932 2145 1026 2212 quam⁸

97 2212 135 2262 uti
148 2228 213 2262 suae
226 2211 353 2280 pristinae
366 2213 469 2263 virtutis
480 2214 640 2265 memoriam
653 2215 795 2264 retinerent
813 2229 867 2264 neu
885 2213 1025 2280 perturba·

97 2289 188 2332 rentur
206 2282 296 2332 animo
310 2279 479 2349 hostiumque
499 2282 631 2350 impetum
649 2282 750 2334 fortiter
768 2282 938 2351 sustinerent,
953 2281 1026 2352 quod

96 2365 149 2402 uon
167 2349 272 2417 longius
289 2349 380 2402 hostes
403 2349 521 2419 aberant,
542 2367 693 2420 quamquo
712 2350 797 2403 telum
819 2345 902 2419 adjici
921 2360 1024 2422 posset,

103 2587 108 2598 Ι
126 2525 182 2574 ¹1ta
199 2526 220 2574 is
236 2527 294 2574 here
310 2527 371 2575 used
386 2544 413 2576 as
429 2543 460 2576 an
475 2528 565 2576 adverb
576 2527 604 2577 os
616 2529 684 2586 time,
697 2528 813 2590 referring
823 2539 848 2577 to
859 2532 923 2591 quod
933 2539 1026 2593 tempus

97 2595 161 2634 anter
172 2603 209 2634 eos
219 2595 368 2634 converrerat.
606 2612 607 2615 =

125 2671 211 2720 'That
222 2672 252 2730 is,
268 2677 315 2732 ‘up
325 2673 367 2720 the
379 2673 441 2731 hill,’
452 2672 504 2734 just
515 2690 542 2722 as
552 2677 651 2723 adverso
661 2675 763 2736 flumine
773 2674 794 2722 is
807 2640 852 2733 ‘up
864 2673 906 2721 the
918 2675 1001 2724 river?
1050 2699 1052 2703 ·

126 2758 200 2806 'The
211 2761 323 2808 ossillum
334 2776 384 2808 was
396 2776 410 2808 a
421 2761 504 2820 purple
521 2761 570 2821 flag
585 2761 682 2809 hoisted
693 2777 751 2808 over
762 2761 802 2808 the
818 2761 942 2821 general's
960 2770 1025 2818 tent,

96 2817 178 2865 which
186 2834 237 2866 was
249 2828 274 2866 to
285 2819 327 2866 the
336 2819 437 2867 soldiers
449 2835 463 2867 a
474 2820 494 2867 si
513 2820 551 2867 nal
561 2823 674 2883 (insigne)
684 2819 780 2878 tokeep
790 2819 941 2867 themselves
950 2820 1027 2882 ready

96 2875 133 2924 for
143 2876 227 2924 battle.
260 2878 342 2925 When
354 2878 387 2926 all
399 2879 439 2926 the
451 2836 554 2927 solrliers
566 2895 630 2927 were
647 2879 729 2939 ready,
743 2879 802 2938 they
814 2894 879 2926 were
891 2879 972 2927 called
987 2888 1025 2927 to·

97 2934 183 2994 gether
193 2936 227 2994 by
238 2935 279 2983 the
290 2937 369 2985 sound
379 2936 406 2985 of
418 2953 433 2985 a
443 2947 549 2996 trumpet
562 2941 667 3000 (signum
681 2941 740 2986 dare
754 2939 827 2992 taba).
859 2937 916 2985 The
927 2940 1029 3000 signum

97 3003 121 3041 at
133 2993 175 3040 the
186 2993 233 3040 end
244 2995 272 3042 of
283 2996 333 3044 this
345 3006 461 3044 sentence
473 2997 493 3044 is
505 2997 546 3044 the
558 2996 715 3045 watchword.

126 3065 273 3114 ‘Successus
285 3068 305 3115 is
317 3069 359 3116 the
370 3069 438 3129 rapid
449 3069 556 3117 advance
568 3070 596 3118 of
608 3070 649 3117 the
661 3084 759 3130 enemy.

126 3137 262 3198 ‘Namely,
275 3143 468 3190 administranda
479 3159 536 3190 esse.

126 3211 211 3258 ⁶That
223 3210 252 3267 is,
269 3213 341 3260 ‘than
349 3229 401 3262 was
412 3230 542 3275 necessary
550 3223 576 3263 to
585 3215 688 3276 impress
698 3231 764 3276 upon
772 3215 840 3264 them
849 3216 892 3265 the
901 3217 1029 3281 necessity

97 3269 125 3318 os
137 3271 334 3332 remembering‚‘
348 3272 397 3322 &c
