2250 3736
148 250 209 306 218
453 271 494 309 nu
516 270 614 308 annuo
635 268 770 306 caturco.

150 387 238 430 aetate
251 377 358 431 inutiles
371 385 438 432 snnt¹
452 379 531 443 bellu,
545 378 641 447 oppido
653 378 792 446 excedant,
806 385 887 445 atque
900 378 993 430 omnia
1005 380 1078 448 prius

150 449 326 517 experiantur,
343 467 424 518 quam
444 451 477 501 ad
491 449 633 515 Critognati
652 447 811 499 sententiam
831 447 1012 499 descendant:
1033 450 1078 501 illo

150 528 241 569 tamen
266 520 352 585 potius
377 520 506 572 utendum
531 518 648 585 oonsilio,
671 518 692 569 si
714 534 756 568 res
776 526 852 583 cogat
873 527 956 584 atque
977 519 1078 571 auxilia

151 598 293 655 morentur,
313 606 394 656 quam
413 599 459 642 aut
480 589 624 640 deditionis
642 596 687 638 aut
705 588 780 654 pacis
798 586 968 639 subeundam
988 588 1077 640 condi·

150 657 259 709 tionem.
295 658 446 726 Mandubii,
465 659 511 727 qni
535 674 581 708 eos
602 656 696 725 oppido
717 664 879 724 receperant,
900 673 963 708 cum
986 657 1078 712 liberis

149 736 231 793 atquc
256 728 382 781 uxoribus
406 729 477 780 exire
502 735 641 795 coguntur.
678 726 719 791 Hi,
744 743 826 794 quum
851 726 886 776 ad
913 728 1078 780 munitiones

150 796 327 849 Romanorum
348 798 533 858 aooessissent,
553 797 649 848 flentes
668 795 794 847 omnibus
812 795 936 863 precibus
956 797 1077 866 orabant,

150 874 179 917 ut
199 883 228 916 se
248 866 273 917 in
293 869 451 920 servitutem
473 876 594 935 receptos
606 865 666 917 cibo
686 863 817 933 juvarent.
853 868 888 917 At
903 866 1010 936 Caesar,
1024 866 1078 918 dis-

150 935 243 1004 positis
256 936 282 986 iu
297 936 364 988 vallo
377 937 510 1004 custodiis,
527 937 606 1004 recipi
620 933 786 1003 prohibebat.

186 1009 228 1058 79.
250 1006 352 1057 lnterea
364 1007 502 1059 Commius
521 1014 547 1056 et
567 1004 661 1072 reliqui
679 1004 771 1072 duces,
785 1003 882 1072 quibus
901 1021 1010 1057 summa
1028 1005 1078 1058 im·

150 1075 216 1142 perii
234 1077 365 1142 permissa
384 1088 447 1145 erat,
462 1092 521 1127 cum
543 1073 667 1126 omnibus
684 1073 768 1141 copiis
787 1074 820 1124 ad
841 1073 962 1125 Alesiam
983 1092 1077 1142 perve-

151 1146 234 1210 niunt,
249 1152 275 1194 et
295 1146 362 1197 colle
381 1147 510 1198 exteriore
530 1152 666 1212 occupate,
680 1160 730 1194 uon
744 1142 849 1210 longius
860 1159 890 1194 nr.
904 1145 1030 1212 passibus
1042 1145 1078 1198 ab

151 1215 247 1264 nostris
270 1217 461 1268 munitionibus
485 1215 635 1266 considunt.
679 1212 786 1264 Postero
816 1212 859 1264 die
891 1215 1011 1280 equitatu
1043 1232 1079 1268 ex

151 1283 246 1334 castris
258 1283 362 1353 educto,
376 1301 483 1336 omnem
498 1302 558 1335 eam
573 1282 719 1351 planitiem,
733 1299 814 1350 quam
835 1283 862 1333 in
881 1282 1077 1349 longitudinem

151 1353 282 1404 Humilia
300 1371 429 1420 passuum
447 1362 538 1421 patere
557 1351 817 1417 demonstravimus,²
828 1351 965 1419 complent
981 1353 1077 1421 pedes-

151 1431 259 1489 tresque
273 1425 363 1491 copias
375 1424 495 1491 paullum
507 1421 542 1473 ab
555 1440 586 1472 eo
601 1422 656 1472 loco
675 1415 788 1472 abditas⁸
805 1421 831 1472 in
851 1420 916 1472 locis
935 1424 1078 1490 superiori·

152 1490 201 1543 bus
214 1493 386 1545 constituunt.
407 1494 469 1545 Erat
483 1510 517 1544 ex
528 1491 623 1559 oppido
636 1491 728 1542 Alesia
740 1490 885 1558 despectus
897 1492 922 1542 in
937 1509 997 1543 carn
1002 1511 1077 1560 pum.

151 1560 326 1629 concurritur,
348 1564 390 1614 his
407 1562 513 1615 auxiliis
533 1561 610 1626 visis;
631 1560 658 1612 fir
678 1560 817 1627 gratulatio
840 1561 906 1620 inter
927 1578 974 1612 eos
994 1574 1078 1630 atque

151 1632 272 1682 omnium
295 1632 377 1683 animi
404 1633 437 1683 ad
465 1630 594 1682 laetitiam
625 1631 782 1681 excitantur.
818 1629 910 1697 Itaque
941 1631 1078 1698 productis

150 1700 234 1766 copiis
245 1709 307 1752 ante
320 1701 447 1769 oppidum
467 1700 608 1752 considunt
627 1707 653 1751 et
673 1700 821 1765 proximam
841 1699 940 1751 fossam
959 1702 1079 1754 cratibus

151 1767 272 1836 integunt
292 1782 373 1838 atque
393 1787 490 1838 aggere
511 1769 627 1838 explent,
648 1785 731 1836 seque
750 1768 785 1820 ad
806 1768 974 1837 eruptionem
994 1779 1078 1839 atque

150 1853 245 1888 omnes
257 1856 336 1890 casus
348 1840 522 1908 comparant.⁴

186 1911 228 1958 80.
248 1909 352 1977 Caesar,
374 1911 445 1961 omni
471 1908 589 1961 exercitu
610 1906 644 1958 ad
667 1914 806 1975 utramque
827 1916 931 1976 partem
953 1909 1078 1961 munitio·

150 1992 214 2026 num
229 1976 362 2045 disposito,
377 1989 412 2045 ut,
427 1979 448 2030 si
466 1995 530 2031 usus
542 1977 651 2044 veniat,⁶
663 1993 742 2028 suum
755 1976 868 2044 quisque
883 1976 972 2029 locum
985 1987 1078 2031 teneat

152 2057 178 2096 et
195 2049 304 2113 noverit,
319 2049 468 2116 equitatum
487 2065 521 2099 ex
539 2047 632 2098 castris
651 2045 728 2097 educi
749 2054 775 2097 et
793 2045 925 2113 proelium
943 2049 1078 2100 committi

149 2111 234 2192 jubet.
272 2117 335 2168 Erat
359 2135 394 2170 ex
416 2117 541 2168 omnibus
564 2114 677 2183 castriS,⁶
700 2131 769 2183 quae
793 2132 930 2166 summum
955 2113 1078 2186 undique

150 2199 244 2251 Jugum
263 2186 396 2253 tenebant,
417 2188 560 2254 despectus
568 2201 575 2251 3
600 2194 680 2252 atque
701 2184 821 2235 omnium
842 2184 959 2236 militum
980 2186 1078 2239 intenti

150 2255 232 2305 animi
251 2272 356 2323 pugnae
374 2256 542 2324 proventum⁷
556 2253 757 2322 exspectabant.
794 2253 863 2304 Galli
884 2255 950 2305 iuter
969 2256 1079 2323 equites

150 2338 221 2374 raros
241 2325 389 2390 sagittarios
410 2324 602 2394 expeditosque
624 2323 691 2374 levis
709 2331 859 2379 armaturae
878 2323 1077 2395 irrterjecerant,

150 2391 196 2458 qui
218 2394 273 2444 suis
293 2393 453 2447 cedentibus
470 2394 568 2445 auxilio
587 2400 769 2445 succurrerent
788 2401 815 2443 et
834 2402 981 2445 nostrorum
1001 2396 1079 2463 equi·

148 2483 1079 2504 Ἣ

162 2587 166 2596 Ι
180 2529 297 2578 ¹Instead
310 2531 338 2579 os
349 2541 416 2587 sunt,
430 2548 467 2579 we
481 2533 559 2592 might
575 2532 637 2578 have
653 2532 771 2590 expected
788 2533 838 2579 sint
846 2548 857 2587 ,·
874 2534 917 2580 but
930 2532 972 2580 the
985 2533 1078 2583 indica·

149 2596 355 2695 pretpthlppppsents
373 2591 414 2638 the
432 2602 520 2638 matter
538 2607 603 2639 more
621 2607 648 2639 us
659 2607 674 2638 a
686 2591 744 2647 fact,
760 2591 820 2637 than
837 2607 863 2638 as
875 2607 889 2638 c
899 2602 953 2650 part
970 2593 999 2639 ol'
1013 2594 1080 2643 thoir

178 2721 243 2767 ¹See
255 2722 295 2768 vii.
308 2725 345 2770 69.

178 2794 316 2863 'Additum
335 2797 387 2843 that
399 2796 428 2852 is,
441 2807 564 2865 separator
576 2813 604 2844 or
615 2805 733 2854 remotam
746 2795 852 2855 nomely,
864 2797 917 2844 thot
929 2796 994 2845 their
1005 2813 1078 2847 num·

148 2852 192 2899 bor
203 2854 279 2914 might
292 2866 333 2902 not
346 2858 376 2903 be
388 2857 523 2915 percerved.

177 2925 228 2974 ‘Se
244 2944 375 2996 eornpornre
391 2929 411 2976 is
429 2929 470 2976 the
488 2944 555 2976 same
573 2945 600 2976 us
611 2947 637 2977 se
650 2945 803 2991 praeparare,
816 2943 844 2976 or
854 2928 944 2989 simply
955 2946 981 2977 se
989 2947 1080 2992 potore

149 2982 270 3044 Compare
282 3003 314 3035 tv.
328 2992 364 3044 ta,
378 2999 434 3035 note
446 2992 465 3035 1.

177 3059 187 3085 ⁶
197 3058 227 3105 Si
236 3077 296 3106 urus
308 3064 407 3117 oern'nt,¹
422 3061 473 3108 that
486 3061 515 3116 is,
529 3062 552 3110 si
562 3077 620 3122 opus
633 3078 683 3108 eoae
694 3062 803 3166 inrapiat,
819 3059 855 3107 ‘if
862 3059 932 3107 thero
945 3060 1036 3111 should
1047 3064 1079 3112 be

149 3130 196 3175 any
208 3120 354 3178 necessity;’
373 3138 432 3167 usos
450 3121 524 3179 being
540 3120 581 3166 the
599 3129 734 3166 momento
760 3120 818 3167 time
832 3120 905 3166 when
918 3136 962 3168 use
976 3121 996 3168 is
1010 3132 1037 3170 to
1048 3125 1079 3172 bo

149 3175 218 3221 tnude
230 3177 258 3222 of
266 3179 412 3238 something.
449 3179 570 3237 Compare
582 3178 613 3225 iv.
626 3182 649 3233 2,
662 3194 686 3225 v.
701 3182 736 3225 15.

177 3247 234 3294 ‘Ec
244 3252 349 3298 omnibus
360 3254 464 3306 matris,-
484 3251 536 3298 that
547 3251 576 3306 is,
594 3250 670 3298 ‘from
682 3251 715 3297 all
726 3261 792 3310 ports
804 3250 832 3298 of
840 3251 882 3298 tho
895 3253 985 3312 comp!

177 3318 332 3372 'l’rovennn
343 3323 402 3373 herc
414 3324 435 3372 is
447 3340 479 3384 eq
488 3324 587 3373 tivaleut
597 3334 622 3371 to
634 3333 740 3375 evertite.
757 3323 811 3371 ‘the
823 3326 921 3382 evont‚’
935 3342 963 3374 or
976 3327 1078 3378 ‘issue'
