2250 3736
528 237 621 277 urana
641 236 673 277 ιι.
1020 217 1060 276 67

177 325 305 413 deserebant,
321 343 393 414 qnod
412 344 505 398 Nervii
523 345 676 414 antiquitus,
695 361 759 397 cum
776 345 896 413 equitatu
915 343 983 397 nihil
1000 361 1056 413 pos·

175 413 219 456 sent
229 408 311 480 (neque
324 415 397 466 enim
412 416 447 466 ad
460 416 511 467 hoc
523 423 631 483 tempus
643 415 668 466 ei
681 415 717 465 rei
730 415 846 482 student,
866 414 914 466 sed
932 411 1060 483 quicquid

172 481 262 554 Wuunt,
278 483 446 551 pedestribus
464 483 554 537 valent
578 484 672 553 copiis)
690 500 743 551 quo
763 484 869 536 facilius
886 484 1060 536 finitimorum

171 551 288 606 equitatum
310 553 333 604 si
345 553 492 621 praedandi
511 571 592 605 causa
609 552 644 605 ad
663 570 709 604 eos
725 555 869 622 venissent,
889 553 1058 622 impedirent,

169 609 246 694 tenens
260 590 393 674 arboribus
411 622 502 674 incisis
519 633 600 691 atque
613 622 726 690 inflexis,
740 623 840 675 crebris
852 625 878 674 in
891 622 1060 675 latitudinem

164 685 231 748 fatuis
245 691 324 743 enatis
341 699 369 743 et
389 691 462 744 rubis
486 693 660 760 sentibusque
684 691 837 760 interjectis,
857 692 1010 760 effecerant,
1030 700 1059 743 ut

160 755 230 817 Jflstar
239 763 301 811 muri
310 760 363 813 hae
376 777 456 829 sepes
467 762 665 813 munimentum
674 761 839 829 praeberent,
849 778 901 829 quo
911 778 962 813 non
971 761 1060 813 modo²

155 824 240 895 lnlteri,
252 829 296 880 sed
315 847 349 881 ne
368 831 483 898 perspici
501 831 610 898 quidem
629 839 727 900 posset.
764 831 812 882 His
830 831 910 883 rebus
927 848 990 882 cum
1009 831 1060 882 iter

151 893 255 950 “einins
277 901 357 951 nostri
382 900 563 970 impediretur,
583 917 635 952 nnn
652 900 830 952 omittendum
849 900 901 952 sibi
918 901 1059 952 consilium

147 945 235 1017 Nervii
246 968 473 1020 existimaverunt.
997 973 1000 980 '

182 1035 222 1086 18.
237 1037 296 1089 Loci
310 1047 405 1090 natura
417 1047 473 1090 erat
485 1037 562 1108 haec,
575 1055 658 1106 quem
671 1038 761 1091 locum
779 1039 859 1090 nostri
878 1039 972 1091 castris
985 1037 1057 1091 dele·

137 1100 247 1158 gerant:
260 1107 334 1159 collis
345 1108 381 1160 ab
394 1109 511 1159 summn‘
521 1107 670 1176 aequaliter
679 1108 792 1160 declivis
804 1108 838 1159 ad
848 1109 949 1161 flumen
959 1108 1057 1178 Sabim,

135 1169 213 1241 quod
225 1192 300 1244 supra
312 1177 517 1247 nominavimus,
532 1177 668 1245 vergebat.
704 1179 748 1249 pb
760 1194 791 1229 eo
805 1177 917 1230 flumine
936 1179 993 1246 pari
1011 1177 1059 1229 ad·

132 1225 256 1320 ⁰l¹vitate
268 1244 344 1298 collis
356 1245 523 1315 nascebatur,
536 1246 666 1299 adversus
682 1245 745 1300 huic
757 1255 784 1298 et
796 1248 949 1312 contrarius,
962 1263 1059 1315 passus

129 1309 242 1380 ⁰1fcner
253 1315 400 1385 ducentos,¹
413 1315 521 1368 infimus
538 1327 653 1385 apertus,
667 1317 701 1368 ab
719 1317 853 1385 superiore
871 1327 946 1385 parte
965 1316 1057 1368 silves·

127 1369 199 1447 ¹¹¹8,
210 1391 235 1435 ut
246 1402 296 1438 nnn
309 1385 391 1437 facile
410 1384 537 1437 introrsus
554 1386 670 1454 perspici
688 1393 786 1454 posset.
823 1385 894 1438 Intra
912 1403 959 1439 eas
977 1386 1058 1440 silvas

124 1429 229 1504 llostes
240 1454 264 1506 in
276 1455 382 1508 occulto
395 1471 455 1506 sese
468 1454 653 1508 continebant:
674 1455 700 1507 in
719 1463 811 1523 aperto
830 1455 888 1507 loco
906 1455 1057 1509 secundum

122 1502 238 1594 flumen
250 1541 352 1592 paucae
371 1523 498 1576 stationes
517 1525 638 1592 equiturn
650 1524 819 1577 videbantur.
856 1524 988 1578 Fluminis
1001 1533 1057 1577 erat

161 1591 247 1643 titudo
258 1593 358 1661 pedum
372 1592 475 1645 circiter
487 1593 575 1646 trium.

177 1661 217 1710 19.
225 1661 318 1715 Caesar
326 1663 447 1731 equitatu
456 1663 602 1731 praemisso
612 1661 826 1731 subsequebatur
833 1663 958 1715 omnibus
966 1662 1061 1732 copiis,

123 1721 194 1775 ⁸211
208 1733 267 1783 ratio
284 1731 403 1800 ordoque
426 1733 542 1798 agminis
565 1732 643 1784 aliter
662 1749 691 1784 se
709 1732 825 1784 habebat
849 1749 881 1784 ac
900 1733 999 1800 Belgae
1020 1732 1056 1784 ad

122 1778 157 1831 Ν
159 1798 247 1853 entus
258 1800 418 1854 detulerant.
437 1803 509 1855 Nam
518 1801 589 1870 quod
602 1801 636 1853 ad
646 1800 736 1853 hostes
748 1802 984 1870 appropinquabat,
995 1818 1056 1854 con·

123 1863 274 1939 ‘tueritne
287 1888 337 1922 sua
346 1871 445 1923 Caesar
457 1888 504 1923 sex
517 1871 636 1938 legiones
648 1870 786 1939 expeditas
798 1871 928 1924 ducebat:
941 1880 1000 1940 post
1009 1889 1056 1924 ees

123 1924 217 1986 loting
232 1941 365 1992 exercitus
383 1939 579 2008 impedimenta
594 1939 749 1992 collocarat:
770 1939 832 1992 inde
845 1940 914 1993 duae
928 1941 1054 2010 legiones,

123 2001 208 2054 ‘luae
227 2010 347 2077 proxime
371 2008 538 2077 conscriptae
562 2018 644 2078 erant,
664 2018 749 2061 totum
772 2026 870 2075 agmen
894 2010 1055 2062 claudebant

123 2068 318 2147 maestitiaque
328 2078 531 2147 impedimentis
540 2087 623 2131 erant.
656 2079 769 2147 Equites
778 2080 858 2131 nostri
867 2097 929 2132 curn
939 2080 1054 2132 fundito-

122 2127 208 2192 nb'ls
218 2148 414 2215 sagittariisque
426 2147 528 2200 flumen
543 2149 698 2215 transgressi
715 2164 778 2199 curn
797 2148 914 2200 hostium
932 2150 1054 2217 equitatu

120 2203 262 2285 proelium
276 2218 479 2270 commiserunt.
516 2217 585 2269 Cum
603 2234 632 2268 se
651 2216 689 2269 illi
707 2217 853 2269 identidem
872 2219 898 2269 in
918 2217 1054 2271 silvas⁴ad

119 2271 196 2326 ⁸⁰⁰⁸
204 2288 353 2355 reciperent
364 2303 397 2338 ac
410 2303 500 2338 rursus
509 2303 543 2338 ex
556 2287 623 2338 silva
635 2286 661 2338 in
674 2294 776 2338 nostros
785 2287 915 2355 impetum
926 2286 1052 2357 facerent,

112 2337 220 2440 {mque
231 2357 314 2408 nostri
334 2356 444 2423 longius,
458 2372 539 2423 quarn
559 2373 642 2424 quem
660 2355 694 2407 ad
712 2356 794 2407 finem
813 2359 940 2423 porrecta⁵
951 2374 984 2408 ac
997 2357 1055 2410 loca

131 2412 222 2476 perra
230 2424 407 2494 pertinebant,
417 2424 545 2477 cedentes
557 2425 662 2493 insequi
673 2425 810 2493 auderent,
822 2425 926 2478 interim
936 2426 1054 2494 legiones

110 2473 180 2545 ⁸⁶⁸2
197 2507 270 2562 quae
282 2494 387 2564 primae
400 2502 535 2564 venerant,
549 2510 629 2563 opere
642 2493 764 2546 dimenso
777 2502 864 2547 castra
875 2496 980 2575 munire
993 2511 1053 2547 coe·

104 2571 1053 2624 μὴ*

94 2646 231 2756 ἰθἓᾸῙοιι
241 2679 308 2724 modo
319 2676 385 2733 here,
399 2693 426 2725 as
437 2677 462 2724 in
473 2692 547 2736 many
558 2677 628 2724 other
638 2691 763 2738 passages,
776 2676 797 2725 is
808 2676 869 2726 used
883 2676 919 2725 sor
929 2694 978 2726 non
988 2680 1054 2726 ntodo

162 2750 169 2762 ·
216 2735 264 2783 See
276 2735 376 2795 Zumpt,
387 2735 443 2783 Lot.
456 2736 545 2792 (irtam.¹
559 2736 572 2787 b
584 2738 636 2792 724,
650 2737 673 2783 b.

125 2789 141 2819 ἱ
153 2803 283 2880 &umnam
301 2823 408 2883 namely‚
421 2825 483 2880 colli,
500 2823 574 2871 ‘from
586 2823 617 2871 its
628 2824 687 2882 top!

122 2875 136 2904 ι
151 2887 293 2971 Namely,
306 2929 321 2959 a
330 2912 445 2973 flumine.-
464 2912 505 2958 the
517 2911 627 2970 opposite
643 2910 687 2958 hill
702 2910 834 2979 beginning
844 2918 870 2958 to
880 2911 928 2986 nise
943 2920 968 2959 st
979 2926 993 2959 s
1003 2910 1051 2961 dis·

116 3026 130 3053 q
140 2961 191 3006 αθ
210 2970 237 3017 of
249 2972 323 3019 about
333 2980 384 3017 two
395 2969 505 3019 hundred
515 2985 588 3029 paces
600 2970 661 3018 from
671 2970 714 3018 the
725 2985 795 3018 river.

72 3039 185 3145 aste?
187 3057 257 3106 ilvae
272 3059 329 3107 here
348 3059 444 3120 arethe
462 3069 528 3129 parts
544 3059 572 3106 of
587 3059 727 3129 theu-forest,
745 3060 787 3107 the
804 3058 884 3114 whole
900 3058 928 3108 of
945 3060 963 3108 it
979 3060 1052 3123 being

109 3169 129 3200 ι
174 3118 268 3166 warde
279 3118 412 3177 expressed
423 3120 456 3178 by
467 3121 538 3167 salva.
570 3119 618 3168 See
629 3136 662 3167 ιιι.
674 3122 710 3166 28.

72 3184 287 3292 ιῃιιέοννωῑα
303 3217 389 3275 cannot
407 3207 497 3268 belong
512 3217 538 3256 to
554 3212 612 3262 locu,
625 3221 656 3254 on
672 3216 773 3273 account
790 3207 818 3254 os
829 3207 860 3254 its
876 3208 989 3275 position,
1003 3208 1049 3258 and

207 3267 236 3314 bs
247 3266 321 3316 taken
332 3282 357 3315 m
368 3266 409 3315 the
421 3283 492 3316 sense
504 3268 532 3316 nl
544 3284 557 3315 s
568 3268 729 3314 substantive.
762 3265 883 3325 Compare
893 3281 934 3313 vu.
947 3270 984 3314 92.
