2250 3736
105 231 144 290 60
406 252 447 290 aa
468 250 565 291 sanae
587 249 722 290 asiarco.

104 356 243 411 hominum
264 375 376 410 numero
397 359 502 426 valere;
522 358 571 412 hos
587 373 665 428 posse
684 357 815 415 conficere
833 365 938 410 armata
952 358 1025 412 milia

104 435 220 494 eentum,
240 427 371 496 pollicitos
390 445 423 479 ex
442 444 474 478 eo
493 445 604 481 numero
623 427 710 478 electa
730 429 873 496 sexaginta,
892 428 1027 496 totiusque

103 495 166 547 belli
180 497 322 564 imperium
335 497 385 549 sibi
399 497 540 565 postulare.
567 498 723 550 Suessiones
735 514 797 548 suos
810 514 869 549 esse
883 497 1025 566 finitimos,

103 565 171 617 fines
190 566 335 618 latissimos
354 566 586 636 feracissimosque
605 583 682 633 agros
701 565 846 634 possidere.
883 567 963 633 Apud
980 582 1025 617 eos

104 635 185 686 luisse
200 652 289 702 regem
304 644 391 687 nostra
404 637 486 688 etiam
498 637 627 688 memoria
646 636 814 704 Divitiacum,
830 635 909 686 totins
921 635 1024 687 Galliae

102 705 325 772 potentissimum,
340 705 385 772 qui
398 722 460 757 cum
473 723 587 772 magnae
600 706 680 773 partis
693 705 787 757 harum
806 706 952 772 regionum,
969 715 1022 756 tum

103 773 182 825 etiam
209 774 358 826 Britanniae
384 775 526 842 imperium
551 775 710 827 obtinuerit:
742 791 813 826 nunc
841 791 901 824 esse
932 791 1024 841 regem

102 842 231 895 Galbam:
262 843 295 894 ad
320 843 392 895 hunc
416 851 521 912 propter
546 843 675 912 justitiam
699 842 922 912 prudentiamque
946 860 1023 895 suam

102 908 182 963 totius
194 912 258 965 belli
272 930 406 965 summam
416 915 536 964 omnium
546 913 681 965 voluntate
691 912 788 965 deferri
797 929 805 978 ;
817 912 914 980 oppida
923 911 1022 965 habere

101 997 212 1034 numero
235 1000 294 1050 x11,
316 982 433 1051 polliceri
458 982 532 1034 milia
556 991 659 1034 armata
678 982 886 1050 quinquaginta3
911 982 1022 1035 totidem

101 1048 221 1119 Nervios,
232 1052 277 1119 qui
292 1052 409 1104 maxime
422 1051 470 1103 leri
484 1052 551 1103 iuter
564 1052 635 1120 ipsos
648 1051 802 1117 habeantur,
814 1050 1022 1119 longissimeque

101 1119 204 1188 absint,
223 1121 377 1188 quindecim
397 1121 470 1172 milia
489 1120 640 1188 Atrebates,
660 1121 807 1173 Ambianos
819 1137 847 1172 x.
867 1119 949 1188 milia,
965 1121 1021 1172 Mo·

101 1189 171 1241 rinos
190 1207 254 1242 xxv.
276 1190 356 1257 milia,
376 1189 519 1258 Menapios
531 1207 581 1242 vu.
594 1190 676 1258 milia,
690 1190 795 1241 Caletos
806 1206 833 1241 x.
848 1187 930 1256 milia,
945 1190 1022 1242 Velo-

100 1274 192 1309 casses
204 1268 230 1310 et
244 1259 445 1312 veromanduos
458 1259 575 1325 totidem,
590 1260 746 1312 Aduatucos
763 1259 860 1309 decem
879 1267 906 1310 et
925 1275 1021 1311 novem

100 1328 191 1395 mitta3
211 1329 368 1397 Condrusos,
390 1328 536 1397 Eburones,
557 1329 708 1397 Caeroesos,
729 1330 885 1394 PaemanOS,
905 1327 952 1395 qui
972 1344 1022 1380 uno

99 1397 207 1449 nomine
220 1397 346 1450 Germani
359 1398 533 1466 appellantur,
547 1398 674 1450 arbitmri'
686 1398 720 1449 ad
733 1415 778 1450 xa.
790 1397 875 1448 milia.

135 1471 159 1517 5.
179 1468 277 1518 Caesar
296 1468 395 1519 Remos
414 1466 565 1519 cohortatus
585 1467 780 1534 liberaliterque
799 1466 916 1517 oratione
934 1483 1022 1534 prose·

99 1536 187 1586 cutus¹
199 1553 306 1588 omnem
324 1545 446 1588 senatum
463 1536 496 1587 ad
513 1555 541 1587 se
555 1537 697 1588 convenire
709 1535 913 1604 principumque
927 1535 1022 1588 liberos

98 1603 207 1657 obsides
224 1605 258 1656 ad
281 1622 309 1657 se
330 1605 427 1658 adduci
447 1604 534 1673 jussit.
571 1606 646 1663 Quae
659 1607 749 1656 omnia
767 1604 801 1656 ab
820 1605 863 1656 his
880 1604 1022 1670 diligenter

98 1673 131 1725 ad
152 1674 224 1727 diem
244 1675 325 1726 facra³
343 1684 412 1727 sunt.
449 1675 509 1744 lpse
528 1675 691 1727 Divitiacum
712 1673 838 1726 Aeduum
859 1691 1020 1743 magnopere

98 1743 249 1796 cohortatus
270 1744 355 1813 docet,
377 1752 476 1813 quanto
497 1761 576 1813 opere
601 1746 637 1795 rei
664 1743 796 1812 publicae⁴
815 1745 1021 1812 communiaque

98 1812 191 1864 salutis
210 1813 312 1866 intersit
332 1831 427 1866 manus
446 1813 563 1866 hostium
583 1814 718 1882 distinere,
732 1830 766 1864 ne
779 1829 842 1864 cum
861 1821 935 1864 tanta
954 1813 1021 1865 mul·

98 1881 211 1933 titudine
234 1900 287 1934 uno
312 1893 431 1951 tempore
455 1883 655 1950 confligendum
679 1883 721 1934 sit.
758 1881 788 1934 Id
812 1881 869 1933 fieri
890 1899 977 1952 posse,
998 1883 1020 1934 si

98 1967 161 2002 suas
185 1952 275 2020 copias
298 1951 386 2004 Aedui
411 1953 438 2004 in
461 1952 529 2005 fines
554 1952 753 2004 Bellovacorum
777 1950 972 2003 introduxerint
994 1959 1021 2006 et

97 2035 190 2071 eorum
212 2037 289 2088 agros
310 2021 427 2089 populari
449 2023 592 2090 coeperint.
629 2021 677 2073 His
697 2020 830 2073 mandatis
851 2037 914 2071 eum
936 2022 971 2074 ab
991 2038 1020 2073 se

97 2087 214 2141 dimittit.
252 2091 396 2158 Postquam
415 2108 509 2142 omnes
528 2090 669 2158 Belgarum
688 2090 778 2158 copias
794 2091 819 2141 in
832 2106 917 2142 unum
931 2090 1020 2144 locum

96 2159 203 2210 coactas
215 2159 249 2210 ad
263 2177 292 2211 se
301 2160 393 2211 venire
402 2159 581 2228 vidit,⁸neque
593 2159 649 2228 jam
659 2159 736 2226 longe
745 2160 840 2212 abesse
849 2158 884 2210 ab
893 2159 943 2227 his,
953 2177 1021 2228 quos

96 2227 214 2297 miserat,
225 2229 434 2296 exploratoribus
446 2238 473 2280 et
485 2229 519 2281 ab
528 2230 621 2281 Remis
629 2229 758 2296 cognovit,
769 2229 869 2280 flumen
878 2230 1021 2299 Axonam,⁰

97 2296 167 2365 quod
188 2307 229 2349 est
248 2298 275 2350 in
293 2298 421 2350 extremis
440 2299 583 2350 Remomm
599 2298 704 2368 finibus,
718 2299 864 2350 exercitum
880 2298 1019 2352 traducere

125 2483 133 2509 ¹
145 2479 260 2540 Namely.
274 2481 344 2529 Remi
354 2499 380 2529 se
389 2483 512 2537 dicebam
531 2481 600 2528 these
615 2481 692 2528 tribes
708 2496 776 2528 seem
788 2490 829 2527 not
841 2489 866 2527 to
878 2481 941 2528 have
957 2482 1020 2531 been

95 2549 193 2599 present
211 2549 235 2586 at
252 2540 293 2586 the
310 2541 418 2600 meering
434 2540 462 2586 of
475 2540 515 2587 the
533 2540 633 2599 Belgae,
653 2540 753 2587 whence
771 2539 812 2586 the
831 2539 905 2587 Remi
921 2555 962 2588 are
978 2549 1018 2587 not

96 2597 162 2656 quite
174 2599 266 2645 certain
276 2600 349 2646 about
361 2600 402 2647 the
414 2600 516 2646 number
527 2598 556 2646 os
563 2598 626 2645 their
636 2598 722 2646 forces.

95 2687 132 2791 Μ’
142 2684 209 2791 ΊέιῗιῐΙ
221 2685 250 2766 is,
265 2685 370 2746 ‘having
380 2685 405 2733 in
415 2685 454 2732 his
465 2685 554 2743 speech
566 2685 653 2733 shown
668 2685 736 2733 them
752 2694 820 2746 great
837 2683 957 2734 kindneas
972 2686 1020 2734 aud

124 2759 154 2790 en
172 2761 184 2791 s
203 2760 234 2803 rp.

96 2830 149 2936 δ’(
162 2831 203 2936 Op
217 2830 259 2899 the
271 2846 333 2938 ppry
344 2831 410 2890 day‚’
423 2830 530 2890 namely‚
543 2829 624 2878 which
637 2831 730 2878 Caesar
747 2830 794 2879 had
805 2829 872 2879 fixed
889 2830 926 2880 sor
942 2832 1020 2882 theru.

114 2905 142 2936 ee
153 2905 176 2936 v.
200 2905 259 2944 ‚vn
303 2926 308 2938 .

124 2979 133 3006 ⁴
144 2976 259 3035 Namely,
273 2977 401 3032 Romnae,
415 2976 525 3024 whereas
541 2978 668 3024 communis
684 2978 772 3025 salutis
783 2975 859 3025 refers
870 2985 895 3025 to
906 2977 968 3026 both
978 2977 1019 3026 the

97 3034 205 3083 Romans
217 3035 263 3082 and
274 3036 315 3082 the
328 3036 417 3084 Aedui.

125 3122 210 3168 ‘That
226 3121 255 3177 is,
271 3123 357 3169 ‘when
373 3123 405 3169 he
421 3120 468 3169 had
484 3121 559 3170 heard
575 3122 593 3168 it
609 3122 670 3170 from
687 3122 728 3169 the
746 3121 838 3179 Remi‚’
851 3122 908 3180 and,
922 3121 1016 3172 accord·

97 3180 173 3242 ingly‚
187 3196 238 3227 was
250 3197 276 3226 as
288 3181 379 3228 certain
390 3198 416 3228 aa
428 3180 448 3228 is
455 3181 486 3228 he
498 3180 546 3229 had
556 3196 615 3228 seen
627 3182 644 3228 it
656 3180 762 3229 himself.

127 3268 201 3317 ”The
213 3269 298 3315 Aeone
309 3269 329 3316 is
341 3268 382 3316 the
393 3268 494 3316 modern
506 3269 584 3317 Aisne
597 3269 621 3317 in
634 3269 801 3330 champagne.
