2250 3736
100 233 138 292 50
403 252 444 290 na
466 253 562 292 suano
584 252 719 293 oauurco.

101 369 156 412 tatu
169 360 285 413 veniret:
304 360 358 412 alia
377 361 476 412 ratione
496 377 556 410 sese
576 377 626 411 non
648 377 708 411 esse
729 368 880 411 venturum.
918 357 1023 427 Caesar,

99 434 170 498 quod
184 447 272 498 neque
291 431 452 498 colloquium
472 431 625 496 interposita
643 446 725 480 causa
743 428 797 479 tolli
811 427 918 480 volebat
937 441 1023 494 nequa

99 499 215 551 salutem
225 517 302 552 suam
311 500 448 551 Gallorum
458 499 587 566 equitatui
597 499 763 549 committere
772 496 897 565 audebat,
908 511 1023 547 commo·

100 567 242 622 dissimum
256 586 315 620 esse
328 577 420 620 statuit
432 568 555 619 omnihus
568 568 644 636 equis
657 567 741 619 Gallis
754 566 888 635 equitibus
898 565 1023 616 detractis

100 639 141 688 eo'
162 637 318 704 legionarios
337 638 436 688 milites
457 638 567 704 legionis
587 637 717 704 decimae,
739 636 782 688 cui
803 652 885 704 quarn
905 634 1023 686 maxime

100 705 258 775 confidebat,
271 709 415 775 imponere,
437 716 466 757 ut
488 705 648 773 praesidium
670 722 753 774 quam
777 704 981 771 amicissimum,
1002 719 1023 752 s·

18 776 23 783 ’
99 775 164 844 quid
183 793 249 843 opus
268 777 338 828 facto
356 784 435 831 esset.
451 776 569 827 haberet.
606 774 682 832 Quod
698 791 761 825 oum
780 771 1023 842 fieret,rronirridi.

99 844 160 896 cule
173 846 281 912 quidam
295 862 328 897 ex
345 835 474 897 militibus
492 845 614 895 decimae
632 843 743 910 legionis
760 843 841 894 dixit:
862 840 929 909 plus,
943 856 1023 907 quam

99 914 233 981 pollicitus
254 925 332 980 esset,
354 914 498 965 Caesarem
517 914 622 964 facere:
645 912 793 980 pollicitum
814 928 842 963 se
863 913 889 962 in
911 910 1023 960 cohortid

99 984 246 1051 praetoriae
266 984 321 1036 loco
340 982 475 1034 decimam
494 982 628 1048 legionem
645 982 799 1034 habitururn
818 979 852 1032 ad
871 996 973 1048 equum
986 994 1023 1030 τε

100 1053 236 1104 scribere.²

134 1125 175 1173 la.
197 1123 323 1174 Planities
342 1128 398 1173 erat
419 1137 515 1188 magna
536 1129 562 1172 et
582 1120 608 1172 in
627 1136 660 1171 ea
680 1119 800 1171 tumulus
820 1126 942 1170 terrenus
962 1115 1017 1167 sati

99 1191 215 1256 grandis.
253 1193 301 1243 Hic
319 1191 393 1242 locus
411 1207 497 1258 aequo
515 1189 572 1240 fere
590 1189 673 1257 spatio
692 1189 726 1240 ab
744 1188 838 1240 castris
856 1185 983 1238 Ariovisti
997 1202 1023 1235 a

99 1260 221 1312 Caesaris
233 1261 335 1312 aberat.
367 1261 413 1327 En,
425 1267 453 1310 ut
466 1268 521 1310 erat
533 1259 654 1324 dictum,³
662 1258 696 1309 ad
710 1257 871 1324 colloquium
884 1271 1023 1307 veneruns

100 1328 245 1395 Legionem
258 1330 363 1394 Caesar,
374 1345 455 1395 quam
469 1329 546 1395 equis
554 1328 706 1394 devexerat,
717 1325 842 1395 passibus
854 1324 979 1375 ducentis
990 1339 1023 1373 ει

100 1414 132 1448 eo
152 1398 253 1450 tumulo
275 1397 417 1449 constituit.
454 1397 521 1448 Item
543 1397 648 1465 equites
666 1396 790 1448 Ariovisti
809 1395 864 1463 pari
886 1391 998 1444 interval

99 1469 283 1518 constiterunt.
314 1467 463 1519 Ariovistus
475 1467 603 1533 ex⁴eqnis
615 1476 644 1518 ut
657 1466 869 1533 colloquerentur
881 1472 908 1514 et
921 1469 1023 1530 praet·

100 1551 129 1586 se
151 1535 234 1588 denos
254 1545 281 1588 ut
299 1536 333 1587 ad
352 1535 514 1603 colloquium
533 1536 704 1602 adducerent,
725 1532 877 1602 postulavit.
923 1531 975 1584 Ubi
993 1547 1023 1581 Β

98 1613 210 1657 ventum
231 1615 279 1674 est,
302 1606 399 1657 Caesar
419 1605 491 1655 initio
515 1605 640 1656 orationis
660 1622 709 1656 sua
729 1612 891 1669 senatusque
914 1602 939 1652 in
961 1617 1016 1652 aaa

97 1671 230 1726 beneficia
249 1674 475 1739 commemoravit,
489 1674 559 1741 quod
574 1690 620 1726 rex
637 1673 788 1741 appellatas
807 1680 878 1722 esset
890 1687 907 1721 a
920 1679 996 1721 senat

98 1743 168 1810 quod
182 1745 292 1812 amicae,
307 1743 378 1812 qnod
390 1744 512 1795 munera⁶
524 1743 689 1811 amplissime
709 1743 791 1794 missa
800 1757 806 1806 3
825 1756 908 1807 quam
928 1757 1002 1791 rem·

97 1813 192 1880 paucis
210 1814 353 1880 contigisse
372 1820 398 1864 et
416 1829 462 1881 pro
480 1812 586 1879 magnis
604 1813 743 1864 hominum
762 1810 859 1862 officiis
880 1826 1023 1862 consuess

100 1880 177 1932 tribui
188 1881 316 1947 docebat;
330 1882 413 1949 illum,
425 1898 487 1932 oum
497 1898 584 1948 neque
595 1881 707 1932 aditurn⁶
716 1896 802 1948 neque
815 1895 926 1930 causam
936 1886 1007 1946 post·

99 1949 171 2001 tandi
182 1948 282 2019 justam
292 1951 410 2018 haberet,
419 1951 550 2002 beneficio
559 1968 591 2001 ac
600 1949 756 2003 liberalitate
767 1965 814 2000 sua
826 1965 859 1998 ao
872 1959 983 1999 senatus
991 1959 1023 1998 ε

97 2020 217 2087 praemia
231 2030 414 2074 consecutum.
446 2020 564 2072 Docebat
577 2021 667 2087 etiarn,
678 2036 759 2087 quam
769 2027 875 2069 vetares
887 2032 1023 2084 quaqu

97 2090 185 2156 Justae
198 2105 295 2140 causae
314 2088 522 2142 necessitudinis
534 2089 598 2157 ipsis
616 2106 679 2141 cum
692 2088 795 2143 Aeduis
813 2086 998 2138 intercederen

98 2173 168 2224 quae
193 2169 301 2210 senatus
325 2157 452 2225 consulta,
473 2160 579 2225 quoties
599 2175 733 2226 quamque
756 2156 900 2208 honorifica
921 2156 949 2207 in
970 2167 1023 2207 eo·

99 2225 170 2276 facta
194 2234 299 2294 essent3
323 2236 352 2278 ut
376 2227 448 2278 omni
472 2237 591 2295 tempore
615 2229 695 2278 totius
718 2225 820 2279 Galliae
844 2225 1023 2293 principatut

97 2293 186 2348 Aedui
200 2297 354 2365 tenuissent,
368 2296 440 2364 prius
452 2297 542 2366 etiam,
555 2312 636 2364 quam
656 2305 771 2347 nostram
783 2293 930 2350 amicitiam
944 2311 1020 2363 app·

130 2475 197 2533 ιΕο;
215 2477 267 2525 that
280 2479 309 2534 is,
323 2481 349 2526 r'rr
361 2496 412 2536 eos,·
430 2479 536 2540 namely,
550 2495 628 2540 equos.

126 2562 211 2610 ²That
223 2565 252 2621 is,
266 2565 296 2612 he
307 2566 385 2614 raised
397 2567 464 2615 them
476 2578 501 2615 to
512 2568 553 2615 the
564 2567 626 2616 rank
636 2567 664 2615 of
671 2569 768 2628 equites,
782 2567 823 2616 the
840 2567 935 2614 service
947 2566 1023 2627 intl:

97 2623 195 2682 cavalry
207 2625 280 2683 lieing
295 2625 412 2684 regarded
423 2642 449 2673 as
461 2642 527 2673 more
544 2627 700 2683 honourable‚
714 2627 761 2674 and
777 2625 902 2686 requiring
912 2642 927 2674 a
938 2625 1023 2686 high·

97 2694 195 2738 census,
209 2682 268 2730 than
279 2683 320 2730 the
333 2685 427 2731 service
439 2701 471 2732 on
482 2686 540 2733 soot.

126 2768 240 2817 'Dictum
250 2770 307 2818 here
319 2771 341 2819 is
352 2770 393 2818 tha
404 2788 471 2819 same
483 2788 510 2820 as
520 2775 681 2821 constitutum.

126 2854 183 2905 ‘Ec
194 2855 311 2904 indicates
329 2856 371 2904 the
388 2858 456 2916 place
472 2858 533 2910 srorn
544 2838 625 2906 which
641 2860 682 2907 the
698 2859 867 2906 conversation
885 2859 906 2907 is
922 2868 950 2908 to
967 2861 1023 2909 tul!

97 2911 174 2971 place,
188 2916 249 2962 sach
260 2916 288 2962 os
300 2916 342 2964 the
354 2927 403 2964 two
414 2917 491 2965 chiese
503 2919 576 2978 being
587 2934 618 2965 on
629 2918 773 2965 horsebaclr.

125 2999 200 3068 ⁸'Phe
212 3012 323 3059 presente
333 3002 413 3050 which
425 3003 466 3053 the
476 3004 585 3053 Romans
596 3004 658 3051 used
669 3014 694 3052 to
705 3004 766 3054 send
777 3014 802 3051 to
814 3004 887 3064 kings
899 3007 1023 3055 consiste

98 3060 125 3109 ol
136 3075 166 3109 an
183 3075 251 3119 ivory
262 3071 366 3118 sceptra,
380 3077 410 3108 an
426 3063 584 3110 ornamented
600 3074 665 3123 toga,
679 3063 787 3115 acutule
803 3063 878 3121 chair,
893 3063 944 3112 dac.
978 3065 1023 3113 Se

99 3118 152 3168 Liv.
165 3134 223 3167 xxx.
234 3123 276 3175 15;
295 3120 375 3166 Tacit.
385 3120 452 3168 Anu.
462 3121 494 3172 iv.
504 3124 541 3170 26.

125 3193 135 3222 ⁸
146 3192 171 3240 N
173 3190 262 3251 amely,
275 3194 307 3238 od
317 3201 432 3240 senatum.

126 3265 136 3282 '
146 3263 176 3312 Ie
187 3280 238 3317 eos:
257 3263 309 3311 that
321 3263 351 3320 is,
364 3264 389 3311 in
400 3264 522 3313 reference
534 3274 559 3315 to
570 3266 647 3326 thern,
660 3282 687 3316 or
698 3276 723 3316 to
733 3267 828 3316 honour
840 3268 917 3319 thom.
