2250 3736
98 233 157 292 220
400 256 440 294 na
463 256 558 295 anano
581 256 715 296 erarico.

100 361 187 431 legati,
202 361 300 431 quibus
311 380 360 415 eae
372 372 461 432 partes
472 365 506 417 ad
519 364 719 418 defendendum
737 364 909 434 obvenerant,
923 383 976 435 qua
989 383 1024 422 ex

99 441 173 501 parte
195 441 295 484 nostros
315 434 399 502 premi
421 434 613 505 intellexerant,
628 435 661 487 iis
676 434 773 488 auxilio
794 453 830 489 ex
849 435 1023 490 ulterioribus

100 501 217 554 castellis
229 502 359 554 deductos
372 503 574 557 submittebant.

135 576 177 622 82.
214 572 284 623 Durn
298 572 401 639 longius
419 573 454 626 ab
474 574 620 626 munitione
639 573 749 626 aberant
762 574 840 642 Galli,
853 573 914 643 plus
932 573 1024 628 multi·

102 641 192 693 tudine
205 641 317 693 telorum
327 642 512 710 proficiebant:
527 652 703 712 posteaquam
711 643 817 712 propius
827 652 1023 712 successerunt,

100 717 147 762 aut
167 727 196 760 se
216 711 267 778 ipsi
291 711 407 763 stimulis
428 712 595 782 inopinantes
617 712 780 781 induebant,¹
799 721 845 764 aut
869 714 894 765 in
914 713 1025 766 scrobes

101 779 204 848 delapsi
226 780 473 851 transfodiebantur,
491 792 535 834 aut
555 799 590 834 ex
609 783 679 834 vallo
699 799 731 833 ac
751 782 866 834 turribus
886 782 1023 852 transjecti

100 849 161 918 pilis
184 849 333 902 muralibus
356 850 507 904 interibant.
543 852 640 905 Multis
663 851 781 920 undique
806 851 961 904 vulneribus
978 869 1025 904 ac·

101 919 194 988 ceptis,
208 918 280 972 nulla
293 919 438 972 munitione
449 933 582 1000 permpta,
596 938 680 990 quum
698 920 744 972 lux
761 921 920 990 appeteret,¹
933 921 1020 991 veriti,

101 1005 135 1040 ne
148 988 183 1040 ab
200 988 283 1040 latere
301 998 392 1056 aperto
405 990 629 1058 exsuperioribus
647 991 740 1042 castris
758 990 894 1058 eruptione
907 990 1025 1042 circum·

102 1059 262 1126 venirentur,
283 1075 312 1109 se
331 1059 366 1110 ad
387 1076 449 1111 suos
470 1068 635 1127 receperunt.
671 1061 707 1112 At
728 1059 884 1129 interiores,’
902 1059 967 1111 durn
990 1075 1025 1112 ea

120 1143 171 1178 uae
189 1144 206 1178 a
219 1127 434 1196 Vercingetorige
452 1127 485 1180 ad
506 1130 672 1198 eruptionem
692 1137 848 1196 praeparata
868 1138 951 1196 erant,
965 1144 1026 1197 pro·

101 1143 197 1265 lerunt,
210 1197 319 1264 priores⁴
331 1196 416 1250 fossas
434 1197 557 1267 explent,
576 1198 677 1250 diutius
694 1197 720 1250 in
741 1198 774 1249 iis
794 1198 874 1262 rebus
893 1197 1025 1251 adminis-

102 1265 202 1317 trandis
214 1266 316 1334 morati,
330 1267 403 1334 prius
416 1284 478 1319 suos
496 1267 650 1320 discessisse
663 1277 850 1336 cognoverunt,
863 1284 946 1336 quam
963 1283 1024 1320 mu·

101 1334 246 1388 ultionibus
265 1336 513 1406 appropinquarent.
549 1337 597 1407 Ita,
611 1353 638 1389 re
660 1337 766 1406 inlecta,
789 1337 817 1388 in
835 1337 964 1405 oppidum
984 1354 1025 1388 re·

101 1413 245 1456 verterunt.

136 1478 178 1526 83.
197 1473 243 1526 Bis
259 1490 357 1541 magno
373 1491 436 1527 curn
455 1474 614 1526 detrimento
635 1474 731 1544 repulsi
752 1474 831 1543 Galli,
849 1473 914 1543 quid
932 1483 1023 1545 agant,

101 1542 257 1595 consulunt:
278 1543 394 1596 locorum
407 1544 505 1612 peritos
517 1544 658 1597 adhibent:
678 1545 713 1597 ab
726 1544 767 1595 his
780 1545 946 1613 superiorum
964 1562 1025 1596 cas·

101 1620 200 1665 trorum
218 1613 284 1665 situs
301 1613 513 1682 munitionesque
532 1621 703 1682 cognoscunt.
741 1613 804 1666 Erat
821 1631 837 1665 a
856 1615 1027 1682 septemtrio·

101 1680 180 1734 nibus
198 1681 281 1751 collis,
294 1700 374 1751 quern
395 1692 500 1751 propter
512 1683 724 1751 magnitudinem
737 1684 862 1735 circuitus
874 1700 954 1750 opere
974 1682 1025 1735 eir·

101 1751 245 1818 cumplecti
267 1770 317 1804 non
339 1760 477 1820 potuerant
497 1753 585 1821 nostri,
600 1753 805 1820 necessarioque
825 1769 910 1820 paene
932 1752 1024 1821 iniquo

101 1819 159 1871 loeo
183 1830 209 1873 et
233 1820 329 1873 leniter
351 1820 450 1873 declivi
473 1833 560 1873 castra
582 1820 710 1873 fecerant.
747 1821 822 1872 Haec
842 1822 871 1873 C.
890 1821 1026 1874 Antistius

101 1889 219 1956 Reginus
239 1899 264 1941 et
285 1890 314 1942 C.
328 1890 454 1942 Caninius
473 1891 590 1958 Rebilus,
604 1891 691 1958 legati,
705 1907 766 1942 curn
788 1889 893 1942 duabus
913 1890 1025 1956 legioni·

102 1957 152 2010 bus
169 1957 334 2011 obtinebant.
382 1960 500 2027 Cognitis
517 1977 563 2028 per
576 1960 754 2028 exploratores
766 1958 925 2026 regionibus,
939 1959 1025 2012 duces

24 2081 25 2084 ,
101 2027 219 2079 hostium
231 2046 274 2081 nx.
289 2028 363 2080 milia
375 2045 409 2080 ex
421 2045 492 2081 omni
506 2046 616 2081 numero
637 2028 756 2095 deligunt
769 2045 861 2080 earum
875 2028 1024 2098 civitatum,

100 2113 170 2164 quae
190 2098 337 2150 maximam
357 2098 460 2149 virtutis
480 2099 641 2166 opinionem⁶
661 2097 811 2164 habebant3
830 2097 894 2164 quid
914 2114 1022 2166 quoque

100 2167 188 2235 pacto⁰
199 2167 242 2234 agi
255 2166 368 2234 placeat,
382 2167 485 2219 occulte
499 2167 566 2220 inter
579 2185 607 2220 se
620 2167 782 2219 constituunt
790 2182 798 2235 5
816 2165 943 2219 adeundi⁷
956 2175 1026 2218 tem·

100 2252 151 2303 pus
170 2234 307 2304 definiunt,
321 2253 404 2304 quum
426 2237 553 2289 meridies
568 2253 627 2288 esse
641 2235 770 2288 videatur.
807 2236 844 2287 Iis
862 2236 947 2304 copiis
959 2236 1025 2288 Ver·

100 2304 280 2371 gasillaunum
299 2308 457 2375 Arvernum,
478 2324 563 2359 unum
583 2323 617 2358 ex
641 2317 752 2373 quatuor
775 2304 897 2374 ducibus,
919 2307 1025 2374 propin-

100 2389 184 2442 quum
208 2374 437 2444 Vercingetorigis,
457 2375 622 2444 praeficiunt.
670 2374 719 2427 Ille
749 2391 783 2426 ex
812 2374 907 2425 castris
938 2375 1025 2443 prima

129 2507 137 2535 ¹
147 2506 194 2554 See
205 2506 246 2553 vii.
257 2510 295 2563 73,
309 2515 378 2554 notes
392 2511 402 2554 1
414 2507 461 2555 and
469 2511 491 2555 2.

127 2579 297 2640 ¹llespecting
308 2589 423 2642 appetere,
436 2596 478 2628 see
489 2580 521 2628 vi.
534 2584 572 2637 35,
586 2590 642 2628 note
654 2585 676 2629 2.

127 2653 273 2702 'Interiores
286 2668 325 2699 are
337 2652 406 2700 tbose
418 2653 526 2701 anemies
538 2653 594 2702 who
605 2670 668 2701 were
680 2654 704 2702 in
715 2655 757 2702 the
769 2663 835 2702 town
846 2653 875 2701 of
881 2653 977 2703 Alesia.

127 2729 136 2756 ⁴
148 2726 232 2774 Before
246 2727 338 2787 priores
351 2725 439 2781 (which
451 2726 471 2773 is
482 2742 497 2773 a
507 2727 664 2783 nominative,
677 2727 725 2775 and
740 2737 782 2774 not
797 2743 828 2774 an
841 2729 989 2782 accusative)
1001 2737 1022 2778 et

98 2797 164 2835 must
180 2788 210 2833 be
226 2784 382 2839 understood,
396 2784 477 2832 which
490 2785 581 2833 Caesar
598 2786 661 2833 lilres
672 2796 698 2834 to
710 2787 779 2844 omit,
792 2796 818 2834 to
834 2787 906 2834 make
924 2788 963 2836 bis
980 2788 1021 2836 de·

97 2846 226 2905 scriptions
238 2859 304 2891 more
316 2843 381 2891 vivid
392 2844 438 2891 and
450 2844 579 2893 animated.

126 2920 136 2947 ⁸
149 2918 236 3023 Opirlrio
252 2916 310 2997 herp
322 2915 370 2964 ‚has
381 2932 396 2963 a
406 2917 502 2975 passive
519 2917 647 2978 meaning:
668 2917 738 2965 ‘who
749 2932 814 2965 were
830 2918 943 2967 believed
954 2928 981 2967 to
990 2921 1022 2968 be

98 2988 161 3025 most
172 2993 202 3024 va
213 2992 292 3023 orons.

126 3051 135 3078 ⁸
148 3049 213 3109 Quid
227 3065 316 3154 queque
331 3042 405 3109 paeto,
421 3049 501 3096 ‘what
513 3065 564 3096 was
577 3048 725 3117 lebadeae,
739 3048 786 3097 and
802 3049 826 3096 in
838 3049 903 3098 what
920 3065 1021 3101 manner

97 3108 115 3157 it
127 3124 177 3155 was
190 3120 214 3154 to
226 3111 256 3155 be
284 3109 346 3154 one!
379 3107 481 3155 Pactam
499 3109 610 3167 properly
623 3124 643 3154 rs
661 3124 690 3155 an
709 3117 851 3167 agreement
868 3125 896 3157 or
912 3120 1058 3160 contract-

97 3167 260 3226 determining
270 3166 311 3213 tbe
323 3176 408 3213 nature
419 3181 446 3212 or
458 3182 558 3214 manner
569 3166 597 3214 of
604 3167 752 3226 something.

126 3239 276 3347 ''Adeundh
297 3239 349 3286 that
370 3238 400 3295 is,
423 3241 639 3302 appropinquandi,
663 3255 690 3288 or
711 3242 887 3302 aggrediendtf
910 3243 1011 3306 namely

95 3313 136 3348 m
148 3314 182 3348 7¹0·
