2250 3736
448 251 490 289 DE
510 251 606 290 BELLO
627 250 762 293 cauum.

454 549 584 602 LIBER
606 549 669 603 111.

101 690 163 744 cunr
182 690 209 743 in
226 688 332 742 ltaliam
344 687 556 757 proficisceretur
569 690 674 755 Caesar,
688 689 810 741 Servium
827 689 946 743 Galbam
964 709 1026 750 omn

100 760 204 828 legione
224 759 383 811 duodecima
401 766 427 808 et
445 767 519 827 parte
538 760 671 828 equitatus
684 759 710 811 in
722 761 880 828 Nantuates,
894 761 1026 829 Veragros

100 830 272 897 Sedunosque
289 829 369 896 misit,
383 827 428 896 qui
446 844 462 878 a
481 829 579 881 finibus
590 829 763 896 Allobrogum
775 838 801 880 et
814 830 874 882 lacu
887 831 1024 884 Lemanno

100 908 127 951 et
153 899 263 951 flumine
288 898 415 950 Rhodano
439 898 473 949 ad
500 914 621 949 summas
643 899 728 967 Alpes
752 899 894 968 pertinent.
939 901 1025 954 Causa

99 968 225 1021 mittendi
244 968 292 1020 suit
311 967 380 1036 quod
400 968 449 1018 iter
466 983 514 1035 per
531 967 621 1035 Alpes,
635 985 686 1036 quo
705 985 801 1035 magno
825 986 887 1021 curn
907 971 1025 1039 periculo

99 1039 258 1106 magnisque
283 1054 347 1090 cum
371 1037 499 1106 portoriis¹
516 1047 679 1089 mercatores
703 1038 740 1090 ire
764 1049 931 1108 consuerant,
950 1049 1024 1109 pate·

99 1107 155 1160 fieri
170 1107 284 1160 volebat.
321 1108 390 1159 Huic
408 1106 537 1174 permisit,
552 1106 574 1158 si
591 1124 657 1176 opus
675 1125 735 1158 esse
753 1107 932 1178 arbitraretur,
945 1111 983 1161 uti
997 1110 1024 1164 in

41 1184 47 1192 ”
99 1176 141 1230 his
154 1177 220 1230 locis
232 1177 367 1244 legionem
379 1175 516 1228 hiemandi
530 1193 611 1228 causa
623 1176 772 1229 collocaret.
798 1177 885 1231 Galba
898 1178 1025 1232 secundis

98 1246 198 1316 aliquot
217 1246 323 1326 proeliis
340 1246 419 1298 sactis
437 1245 607 1314 castellisque
626 1246 806 1316 compluribus
818 1264 909 1299 eorum
923 1266 1023 1317 expug-

99 1316 275 1386 natis,m1ssis
286 1315 320 1368 ad
334 1332 397 1367 eum
408 1315 525 1383 undique
538 1315 634 1382 legatis
645 1316 835 1384 obsidibusque
843 1317 915 1369 datis
923 1329 949 1370 et
958 1335 1023 1386 paca

99 1385 177 1453 facta,
191 1385 324 1437 constituit
337 1384 459 1436 cohortes
471 1385 537 1436 duas
549 1384 576 1436 in
588 1386 766 1439 Nantuatibus
784 1386 914 1446 collocare
928 1398 955 1441 et
967 1389 1023 1457 ipse

98 1472 160 1508 cum
181 1455 289 1523 reliquis
307 1455 366 1523 ejus
379 1454 489 1521 legionis
507 1453 658 1508 cohortibus
670 1457 697 1507 in
708 1456 768 1524 vico
781 1455 965 1526 Veragrorum,
979 1458 1024 1527 qui

98 1525 247 1592 appellatur
259 1524 423 1592 Octodurus,²
434 1522 571 1592 hiemare,
591 1524 637 1592 qui
649 1526 724 1577 vicus
736 1525 836 1594 positus
849 1527 876 1578 in
889 1527 959 1580 valle
972 1545 1024 1581 non

97 1610 196 1662 magna
215 1593 320 1663 adjecta
338 1592 447 1662 planitie
466 1593 605 1645 altissimis
616 1595 751 1647 montibus
770 1594 887 1664 undique
906 1598 1023 1649 contine·

98 1671 147 1716 tur.
184 1664 252 1716 Cum
270 1663 314 1715 hic
332 1663 450 1715 induas
473 1671 562 1731 partes
585 1663 695 1715 flumine
720 1665 891 1735 divideretur,
911 1667 1024 1720 alteram

97 1742 201 1804 partem
222 1733 281 1802 ejus
302 1733 353 1784 vici
374 1732 460 1784 Gallis
485 1731 519 1783 ad
547 1731 721 1785 hiemandum
748 1737 888 1803 concessit,
910 1735 1022 1790 alteram

97 1819 211 1855 vacuam
230 1802 264 1854 ab
284 1802 336 1853 illis
354 1802 473 1854 relictam
498 1800 651 1855 cohortibus
674 1803 800 1855 attribuit.
837 1805 909 1857 Eum
935 1805 1022 1860 locum

97 1872 165 1924 vallo
178 1871 302 1940 fossaque
315 1871 438 1923 munivit.
837 1913 839 1918 .

133 1946 157 1992 2.
176 1942 243 1993 Cum
257 1941 315 1992 dies
328 1940 507 1993 hibernorum⁸
515 1941 666 2009 complures
673 1941 836 2011 transissent,
847 1942 1022 1998 frumentum·

116 2027 150 2062 ue
172 2027 203 2060 eo
224 2011 379 2078 comportari
399 2009 530 2080 jussisset,
553 2011 640 2063 subito
660 2028 709 2078 per
728 2013 907 2080 exploratores
928 2016 1023 2067 certior

97 2027 185 2133 lacius
205 2088 246 2131 est
268 2095 301 2132 ex
322 2097 355 2131 ea
372 2090 446 2150 parte
464 2080 523 2148 vici,
541 2097 623 2149 quam
640 2080 724 2133 Gallis
740 2092 915 2153 concesserat,
930 2101 1022 2137 omnes

98 2160 177 2202 noctu
201 2149 366 2219 discessisse,
388 2157 554 2217 montesque,
576 2149 622 2218 qui
648 2150 841 2220 impenderent,
863 2169 880 2204 a
904 2156 1023 2206 maxima

96 2219 267 2271 multitudine
292 2218 458 2271 Sedunorum
482 2228 508 2270 et
528 2219 704 2286 Veragrorum
729 2221 823 2271 teneri.
860 2222 900 2274 ld⁴
923 2223 1022 2292 aliquot

97 2287 132 2339 de
150 2289 239 2341 causis
257 2288 399 2357 acciderat,
420 2298 447 2340 ut
466 2289 552 2341 subito
570 2289 640 2341 Galli
657 2289 720 2341 belli
739 2291 883 2343 renovandi
900 2292 1022 2360 legionis·

96 2374 150 2426 que
159 2357 350 2426 opprimendae
363 2357 500 2410 consilium
512 2367 653 2426 caperent:
672 2359 796 2427 primurn,
807 2360 878 2428 quod
887 2360 1022 2431 legionem

96 2443 185 2494 neque
198 2444 259 2478 earn
272 2427 454 2496 plenissimam
472 2427 598 2479 detractis
617 2427 768 2480 cohortibus
784 2428 896 2498 duabus,
912 2441 938 2483 et
951 2449 1021 2485 corn·

96 2496 216 2566 pluribus
228 2496 389 2566 singillatim,
400 2497 446 2566 qui
458 2505 625 2549 commeatus
636 2497 745 2566 petendi
757 2515 839 2550 causa
851 2500 927 2553 missi
939 2510 1020 2573 erant,

126 2680 255 2731 ¹Portoria
267 2698 315 2740 are,
329 2683 353 2731 in
365 2682 406 2730 the
417 2682 469 2731 first
480 2682 557 2741 place,
571 2692 623 2742 port
635 2684 723 2742 durias,
736 2685 792 2741 and,
806 2686 931 2747 secondly‚
942 2687 1022 2736 duties
1050 2697 1061 2726 ¹

96 2740 152 2802 paid
163 2757 194 2789 on
205 2742 246 2790 the
259 2742 421 2802 importation,
435 2743 594 2801 exportation
608 2743 654 2791 and
665 2744 706 2791 the
721 2746 891 2793 transmission
906 2746 935 2794 of
946 2747 1022 2807 goods
1050 2757 1061 2786 ¹

96 2801 202 2908 phfioqgth
213 2817 228 2849 a
238 2811 353 2862 country3
371 2801 417 2849 and
430 2802 470 2849 the
482 2802 528 2849 last
544 2802 571 2849 of
583 2802 654 2850 these
671 2803 750 2852 dutiea
767 2820 807 2852 are
825 2804 895 2853 those
913 2806 971 2854 here
988 2806 1020 2854 al·
1058 2829 1061 2834 ·

108 2877 122 2908 u
141 2876 153 2907 e
192 2875 215 2907 ο.

125 2933 135 2960 ²
149 2931 282 2980 Octodurus
293 2933 314 2980 is
324 2932 437 2981 believed
453 2943 478 2981 to
493 2935 524 2981 be
540 2933 582 2981 the
597 2934 699 2982 modern
713 2943 781 2986 town
797 2934 825 2983 of
837 2935 985 2995 Martinam,
998 2938 1023 2987 iu
1045 2950 1061 2982 J

96 2989 139 3038 the
151 3000 238 3037 canton
249 2992 276 3039 of
289 2992 330 3040 the
343 2993 422 3040 Vaux.

126 3063 253 3111 'Hiberna
269 3065 289 3112 is
305 3064 362 3112 here
379 3065 420 3113 the
436 3065 496 3112 time
512 3075 583 3124 spent
599 3066 623 3114 in
639 3068 862 3127 winter-quarters3
880 3071 924 3118 bnt
941 3071 983 3118 the
1000 3089 1023 3120 eo
1051 3083 1061 3104 ¹

97 3122 285 3230 pigreigylpafqstqvgs
297 3124 371 3172 refers
382 3134 408 3172 to
418 3124 460 3172 the
470 3126 566 3173 hiberna
576 3135 664 3183 castra,
677 3143 704 3174 or
715 3127 756 3175 the
768 3128 836 3187 place
848 3128 872 3176 in
883 3130 967 3179 which
982 3130 1023 3180 the
1055 3143 1061 3166 ⁵

126 3257 136 3284 ⁴
144 3253 174 3302 Id
184 3254 259 3302 refers
269 3265 293 3303 to
301 3257 366 3304 what
374 3256 499 3316 precedes,
508 3257 555 3305 and
563 3257 605 3307 tho
614 3259 696 3307 clause
704 3260 836 3321 beginning
843 3261 904 3309 with
913 3272 941 3311 ut
952 3263 1024 3315 down

98 3322 122 3362 to
132 3324 240 3378 caperent
252 3316 361 3363 contains
372 3315 489 3364 afurther
499 3317 653 3376 explanation
664 3318 732 3368 olid.
764 3319 886 3380 Compare
897 3322 930 3371 vi.
945 3327 981 3373 14.
