2250 3736
504 245 597 286 arana
618 246 658 286 rr.
988 228 1045 287 107

74 352 100 411 ²1
157 349 211 424 'mel
226 367 254 422 te,
272 371 303 409 ne
323 363 427 408 tantum
448 354 568 408 dedecus
587 355 780 422 admitteretur,
794 353 909 406 universi
931 371 965 406 ex
982 354 1045 406 navi

155 406 295 478 desiluerunt.
336 426 392 477 Hos
416 425 480 477 item
505 442 538 477 ex
587 424 695 476 roximis
724 424 816 492 primis
846 423 959 476 navibus
982 441 1045 476 curn

153 491 331 564 0⁰rsperissenr,
345 494 484 547 subsecuti
496 442 618 546 hostibus
629 494 882 562 appropinquarunt.

182 558 214 611 26.
228 562 368 632 Pugnatum
382 573 423 616 est
434 563 470 616 ab
482 563 599 632 utrisque
612 564 716 614 acriter.
751 563 841 615 Nostri
862 571 960 632 tamen,
974 562 1046 631 quod

145 629 221 694 neque
236 634 344 686 ordines¹
357 649 463 686 servare
483 649 570 701 neque
591 632 702 684 firmiter
721 632 842 683 insistere
862 648 950 700 neque
970 634 1046 699 signa

142 691 252 770 ⁸}1bsequi
275 711 404 772 poterant,
429 710 509 770 atque
533 701 602 754 alius
625 702 677 753 alia
701 717 735 752 ex
758 702 820 752 navi
840 701 1045 770 quibuscunque

140 767 214 826 ⁸¹8nis
228 781 371 826 occurrerat
390 789 419 824 se
437 770 606 841 aggregabat,
625 786 788 838 magnopere
806 770 1028 840 perturbabantur
1037 786 1045 839 3

137 819 285 895 hostesrero
304 842 374 895 notis
391 841 517 894 omnibus
528 840 611 909 vadis,
625 839 671 892 ubi
690 856 724 891 ex
741 839 816 891 litore
835 839 939 908 aliquos
957 840 1047 908 singu·

135 889 201 959 lares
217 927 246 963 ex
265 912 327 964 navi
348 911 519 980 egredientes
539 916 739 978 conspexerant,
762 909 879 961 incitatis
899 909 976 977 equis
996 911 1045 962 im·
1099 908 1102 914 '

130 972 229 1080 fellitos
246 981 440 1049 adoriebantur,
454 979 544 1048 plures
563 995 662 1047 paucos
684 978 925 1046 circumsistebant,
944 978 990 1030 alii
1012 979 1046 1032 ab

141 1047 210 1119 atere
230 1059 318 1119 aperto
342 1050 371 1102 iu
400 1050 547 1102 universos’
569 1049 623 1101 tela
653 1046 840 1117 conjiciebant.
877 1046 953 1104 Quod
983 1065 1046 1100 cum

127 1114 355 1172 animadvertisset
384 1119 489 1186 Caesar,
520 1117 635 1187 scaphas
665 1117 804 1184 longarum
832 1117 949 1185 navium,
980 1117 1046 1170 item

127 1184 298 1242 ⁸lleculatoria
316 1188 423 1256 navigia
443 1189 575 1242 militibus
595 1186 723 1254 compleri
743 1185 821 1255 jussit
841 1194 867 1237 et
888 1202 956 1254 quos
974 1185 1045 1238 labo-

125 1252 215 1316 {entes
232 1270 414 1326 conspexerat,
428 1257 472 1309 his
491 1257 611 1310 subsidia
632 1254 817 1308 submittebat.
853 1256 952 1323 Nostri,
966 1255 1046 1308 simul

123 1323 151 1365 ¹¹1
173 1326 241 1378 arido
258 1328 441 1397 constiterunt,
455 1328 511 1379 suis
528 1326 653 1378 omnibus
670 1325 823 1377 consecutis
841 1324 868 1376 in
885 1324 977 1377 hostes
995 1325 1045 1376 im·

122 1392 216 1446 netum
229 1396 348 1448 lecerunt
366 1405 447 1464 atque
467 1413 514 1448 eos
532 1397 558 1448 in
576 1395 668 1462 lugam
686 1393 817 1446 dederuut
835 1411 924 1463 neque
942 1394 1047 1464 longius

122 1461 246 1532 prosequi
268 1474 419 1535 potuerunt,
438 1465 507 1534 quod
533 1465 637 1534 equites
660 1480 769 1515 cursum
793 1476 884 1516 tenere
908 1474 989 1533 atque
1008 1465 1046 1516 in·

122 1525 329 1603 ⁸⁰lamcapere⁸
340 1552 393 1586 non
411 1543 561 1614 potueruut.
597 1534 654 1586 lloc
672 1549 756 1586 unum
774 1532 808 1585 ad
827 1533 977 1603 pristinam⁴
995 1533 1046 1586 sor·

122 1592 216 1653 tunam
228 1604 333 1656 Caesari
346 1603 441 1656 deluit.

162 1670 204 1720 27.
225 1673 321 1726 Hostes
338 1674 438 1742 proelio
462 1672 586 1742 superati,
606 1671 687 1724 simul
710 1664 792 1740 atq'ue
816 1688 845 1724 se
869 1689 903 1724 ex
921 1671 985 1740 fuga
1006 1688 1046 1724 re·

138 1744 257 1853 eperunt,
271 1743 364 1795 statim
381 1743 415 1795 ad
429 1744 571 1796 Caesarem
590 1742 691 1810 legatos
710 1742 744 1793 de
763 1758 830 1810 pace
850 1743 986 1809 miserunt,
1000 1740 1046 1793 ob·
1113 1769 1116 1774 ·

172 1822 201 1858 es
210 1810 315 1864 daturos
328 1828 453 1881 quaeque
471 1814 629 1881 imperasset
642 1811 760 1863 facturos
778 1828 837 1863 sese
851 1812 961 1881 polliciti
974 1818 1044 1863 sunt.

122 1740 138 1776 c

123 1808 145 1846 sr

123 1859 189 1925 Una
205 1895 264 1934 cnm
284 1881 326 1933 his
346 1881 441 1949 legatis
459 1883 597 1934 Commius
616 1880 732 1933 Atrebas
752 1881 832 1950 venit,
854 1898 934 1950 quem
956 1881 1046 1951 supra⁸

122 1930 367 2014 &monstraveram
380 1968 396 2002 a
409 1951 521 2003 Caesare
534 1951 561 2002 iu
573 1949 736 2003 Britanniam
751 1951 936 2019 praemissum.
966 1952 1046 2004 Hune

154 2022 164 2056 ¹
179 2021 260 2073 enavi
272 2037 420 2090 egressum,
435 2037 497 2072 cum
510 2019 544 2072 ed
557 2036 604 2071 eos
616 2020 734 2071 oratoris⁶
746 2019 824 2072 modo
838 2021 958 2074 Caesaris
970 2039 1046 2075 man·

121 2064 188 2132 dala
197 2089 319 2159 deferret,
333 2089 589 2159 comprehenderant
601 2098 682 2158 atque
700 2090 728 2141 in
741 2089 847 2142 vincula
859 2091 1043 2161 conjecerant:

120 2139 181 2199 lum
197 2159 296 2226 proelio
320 2159 391 2211 facto
413 2159 578 2226 remiserunt,
600 2167 628 2210 et
651 2174 677 2210 rn
697 2159 812 2227 petenda
831 2177 898 2227 pace
919 2161 979 2229 ejus
997 2159 1046 2213 rei'

115 2211 227 2320 eulpam
252 2229 279 2308 ir.
302 2229 506 2308 multitudinem¹
527 2227 698 2298 conjecerunt
722 2239 749 2280 et
767 2238 873 2298 propter
892 2229 1044 2299 impruden·

135 2291 185 2340 ἢῆ]
205 2306 234 2350 ut
253 2307 436 2365 ignosceretur
454 2306 613 2367 petiverunt.
650 2299 747 2350 Caesar
759 2307 877 2367 questus,
891 2299 961 2367 quod
981 2316 1044 2353 cum

112 2339 185 2407 ΕΗΓΘ
212 2367 238 2420 in
259 2368 441 2419 continentem
462 2367 557 2435 legatis
576 2366 667 2419 missis
686 2383 783 2434 pacem
803 2368 838 2421 ab
858 2385 887 2420 se
906 2367 1043 2440 petissent,

107 2442 1038 2493 χ--ῲ--ᾑ-

97 2519 148 2626 dr:
162 2531 274 2611 Ordines
294 2543 351 2590 here
370 2542 480 2603 signifies
498 2543 540 2592 the
559 2543 621 2591 lines
637 2542 731 2591 formed
746 2544 780 2604 by
795 2543 837 2593 the
853 2545 954 2594 soldiers
970 2545 1043 2594 when

150 2597 204 2649 Wn
213 2618 246 2662 up
256 2618 281 2649 m
292 2601 368 2650 battle
380 2617 457 2662 urruy.

90 2663 200 2780 οῑὲέη
211 2691 335 2737 universos
343 2705 354 2745 ,·
367 2689 419 2736 thet
431 2689 460 2745 is,
474 2688 616 2756 whenthey
624 2704 676 2735 saw
686 2689 729 2736 the
739 2688 818 2736 whole
830 2689 895 2749 body
905 2688 933 2736 os
940 2704 955 2736 a
965 2688 1044 2749 ship’s

198 2763 266 2796 corne
277 2758 329 2803 out,
342 2749 402 2808 thoy
413 2748 490 2795 threw
502 2748 565 2795 their
576 2746 643 2794 darts
654 2763 743 2808 among
753 2748 828 2796 them.

85 2806 137 2910 Ca:
154 2823 259 2895 ⁰⁰1³&ss
273 2835 331 2882 here
350 2834 428 2882 lethe
446 2850 512 2883 seme
529 2850 555 2882 as
570 2835 697 2896 attingere,
713 2840 752 2883 ‘to
768 2834 826 2882 take
843 2833 983 2894 possession
1000 2832 1043 2882 os.’

137 2885 243 2948 1¹¹pure
254 2895 323 2953 chop.
335 2896 379 2949 36,4
387 2909 410 2941 v.
422 2896 445 2940 8.
957 2910 958 2914 ,

78 2950 281 3061 ὴαᾏΡζὶειὶφια
290 2981 414 3048 foetuum
432 2979 485 3026 that
502 2979 532 3036 is,
549 2979 591 3028 the
607 2979 671 3040 good
687 2977 744 3027 luclr
759 2992 786 3026 or
802 2992 901 3026 success
916 2976 996 3027 which
1012 2975 1044 3026 he

201 3036 285 3085 itherto
296 3037 409 3098 enJoyed.

116 3095 133 3207 ἶ
150 3108 219 3168 See
229 3125 296 3185 chap.
309 3130 346 3175 21.

160 3199 263 3260 Orator
273 3213 294 3260 is
306 3212 372 3261 osten
382 3211 444 3260 used
455 3211 479 3258 in
491 3212 532 3260 the
543 3227 614 3260 sense
625 3212 654 3260 of
661 3228 691 3261 en
702 3209 866 3260 ambassador.

118 3266 134 3299 ἱ
154 3279 238 3347 Ther
249 3299 278 3358 is,
291 3299 319 3350 ol
326 3299 368 3349 the
379 3298 506 3349 detention
516 3298 563 3348 and
573 3298 757 3359 imprisonment
768 3296 797 3345 ol
805 3295 940 3346 Commius.
