2250 3736
440 243 531 283 mean
551 243 597 282 111.
941 222 977 281 91

106 333 297 424 mavttrtulerunt.
335 351 376 403 Ad
396 369 508 420 quarum
527 352 632 405 initium
651 352 786 404 silvarum¹
805 367 868 402 cum
881 349 982 401 Caesar

10 455 26 487 ,
106 410 228 483 terremur
249 430 390 488 castraque
414 423 519 474 munire
543 422 708 489 instituisset,
727 437 816 489 neque
841 420 925 470 hostis
944 420 981 470 in-

10 488 24 553 ‚'
106 475 160 556 felth
170 487 227 541 visus
237 499 315 558 esset,
329 491 457 559 dispersis
468 492 496 542 in
507 508 587 560 opere
600 492 697 543 nostris
710 490 798 542 subito
812 507 845 541 ex
857 488 982 540 omnibus

10 556 17 611 ,⁴
97 548 190 666 gafilhis
203 559 279 611 silvae
298 559 470 612 evolaverunt
489 569 516 612 et
534 560 561 612 in
579 569 681 613 nostrus
699 560 831 628 impetum
850 558 981 609 fecerunt.

118 623 166 673 ostri
175 627 282 680 celeriter
294 646 369 680 arma
387 639 514 697 ceperunt
527 646 628 698 eosque
641 630 669 682 in
681 628 762 680 silvas
780 626 941 697 repulerunt,
955 634 982 678 et

93 691 241 759 compluribus
263 697 411 750 interiectis
434 697 549 766 longius²
571 697 783 768 impeditioribus
806 697 872 749 locis
896 696 982 749 secuti

86 772 210 829 paucoserr
221 767 274 819 suis
285 766 503 834 deperdiderunt.

115 834 152 884 29.
167 834 275 905 Reliquis
287 836 416 904 deinceps
428 835 524 888 diebus
532 837 630 889 Caesar
642 835 723 888 silvas
735 835 849 888 caedere
862 834 981 902 instituit,

78 909 103 954 et
121 918 150 954 ne
166 906 219 972 quis
235 904 383 957 inermibus
400 904 680 974 imprudentibusque⁸
697 904 827 957 militibus
846 903 881 956 ab
899 903 983 956 latere

72 971 182 1039 impetus
193 975 246 1027 fieri
257 982 354 1043 posset,
368 991 478 1026 omnem
496 992 557 1027 eam
577 975 725 1042 materiam,
738 991 808 1042 quae
827 983 881 1025 erat
895 989 982 1041 caesa,

70 1058 217 1096 conversam
234 1044 267 1096 ad
293 1043 397 1096 hostem
415 1043 562 1097 collocabat
579 1052 607 1096 et
630 1042 764 1112 provallo
788 1043 821 1094 ad
841 1051 984 1109 utrumque

65 1112 137 1165 latus
155 1113 311 1166 exstruebat.
347 1113 499 1165 Incredibili
518 1113 655 1165 celeritate
673 1129 770 1180 magno
789 1112 872 1180 spatio
891 1111 984 1178 paucis

63 1181 162 1235 diebus
177 1183 301 1249 consecto,
315 1199 378 1234 cum
395 1181 452 1251 jam
471 1199 555 1250 pecus
566 1191 646 1252 atque
659 1192 780 1234 extrema
792 1180 984 1249 impedimenta

60 1252 100 1305 ab
111 1252 205 1303 nostris
216 1261 374 1320 tenerentur,
389 1252 439 1321 ipsi
457 1251 595 1304 densiores
608 1252 690 1304 silvas
709 1259 837 1320 peterent,
852 1249 985 1317 ejusmodi

59 1330 125 1375 suut
144 1329 315 1390 tempestates
334 1329 502 1390 consecutae,
516 1323 555 1373 uti
573 1337 641 1390 opus
657 1321 808 1373 necessario
827 1320 985 1371 intermitte-

55 1401 140 1458 retur,
155 1399 180 1442 et
197 1391 391 1444 continuatione
409 1391 535 1444 imbrium
554 1390 655 1444 diutius
673 1390 724 1443 sub
742 1389 867 1459 pellibus⁴
884 1388 984 1440 milites

55 1460 189 1514 contineri
208 1477 257 1512 non
278 1468 393 1529 possent.
430 1460 523 1528 Itaque
536 1460 646 1512 vastatis
665 1460 789 1512 omnibus
802 1476 893 1511 eorum
906 1458 984 1527 agris,

54 1530 128 1584 vicis
152 1529 335 1598 aedificiisque
359 1528 475 1581 incensis
499 1530 597 1581 Caesar
615 1530 764 1582 exercitum
788 1528 892 1580 reduxit
911 1536 938 1578 et
958 1527 984 1580 in

52 1598 185 1656 Aulercis
202 1599 387 1667 Lexoviisque,
402 1598 512 1666 reliquis
524 1599 589 1650 item
608 1598 769 1668 civitatibus,
782 1615 852 1668 quae
864 1596 985 1666 proxime

53 1669 164 1725 bellum
176 1668 301 1738 fecerant,
316 1670 344 1720 in
356 1668 475 1720 hibernis
487 1668 636 1722 collocavit.

52 1760 982 1788 ...-..-l-..-—--—...————..-—---

86 1820 95 1848 ¹
105 1817 163 1865 The
174 1817 251 1876 plural
261 1819 338 1866 siloae
347 1817 430 1866 shows
442 1817 494 1865 that
507 1817 629 1866 Caesaris
641 1818 699 1867 here
710 1818 824 1878 thinking
832 1818 860 1866 of
867 1818 908 1865 the
919 1826 986 1877 parts

51 1877 85 1927 os
93 1876 176 1925 which
187 1876 227 1924 tho
239 1877 319 1924 whole
331 1876 405 1924 sorest
418 1879 498 1932 (silva)
511 1878 643 1925 consisted.
676 1877 724 1925 See
735 1878 759 1926 ii.
774 1881 810 1934 19,
824 1888 881 1925 note
892 1880 915 1926 4.

85 1953 95 1981 ¹
105 1951 132 2000 N
134 1951 224 2010 amely,
240 1951 315 1998 ‘than
326 1966 378 1998 was
389 1951 473 2011 right,'
487 1967 514 2000 or
527 1951 681 2001 ‘advisabta’

83 2024 94 2052 ¹
103 2022 236 2071 inermibus
249 2021 295 2070 and
307 2024 493 2083 imprudentibus
505 2038 562 2082 may
573 2022 651 2070 either
661 2024 692 2070 be
701 2023 820 2071 ablativos
829 2023 949 2080 absolute¹
958 2037 986 2072 or

51 2082 163 2137 datives,
176 2080 314 2140 dependent
325 2097 390 2140 upon
401 2083 586 2143 impetasficret.

49 2154 158 2256 ‘chich
169 2157 271 2217 pellibus
278 2171 290 2212 ,-
308 2153 361 2202 that
378 2153 408 2212 is,
421 2155 446 2202 in
461 2154 525 2203 their
540 2163 616 2212 cents,
628 2153 710 2203 which
727 2171 792 2204 wera
808 2155 912 2205 covered
923 2153 984 2204 with
