2250 3736
141 246 200 302 206
447 266 486 304 nu
509 267 606 304 necno
627 265 763 304 caturco.

140 371 193 439 bat,
207 376 300 440 quum¹
313 374 389 441 primi
408 374 515 425 ordines
532 373 786 445 hostiumltransfixi
804 373 865 441 pilis
877 375 1070 445 concidissent,

141 450 230 493 tamen
252 444 382 494 acerrime
403 444 496 511 reliqui
518 443 685 510 resistebant,
707 459 758 494 nec
781 443 863 495 dabat
885 445 1070 512 suspicionem

140 508 220 576 lugae
233 513 385 579 quisquam.
416 515 476 581 lpse
489 514 545 565 dux
557 513 672 564 hostium
686 512 885 579 Camulogenus
898 516 957 565 suis
968 513 1071 565 aderat¹

139 589 221 647 etque
241 599 288 632 ecs
306 581 500 634 cohortabatur.
537 584 581 649 At,
602 585 701 633 incerto
722 583 897 634 etiamnunc
918 585 995 635 exitu
1016 583 1069 634 vio·

140 652 229 717 toriae,
243 668 327 719 quom
340 653 472 719 septimae
484 651 596 718 legionis
609 651 720 703 tribunis
733 660 804 703 esset
816 652 985 719 nunciatum,
998 669 1071 720 quae

140 719 168 771 in
189 719 292 771 sinistro
311 738 391 772 cornu
412 731 573 788 gererentur,
591 731 649 789 post
668 731 774 788 tergum
794 720 912 773 hostium
933 721 1070 788 legionem

139 791 311 841 ostenderunt
336 789 464 858 signaque
489 790 644 842 intulerunt.
679 792 722 843 Ne
747 807 779 841 eo
802 790 911 858 quidem
937 791 1071 859 tempore'

139 861 282 926 quisquam
308 861 365 911 loco
389 860 477 927 cessit,
500 859 547 911 sed
569 860 744 912 circumventi
763 876 858 912 omnes
878 859 1069 928 interfectique

140 938 209 979 sunt.
256 929 389 980 Eamdem
413 929 546 982 fortunam
570 929 627 981 tulit
651 929 856 996 Camulogenus.
902 929 989 997 Atii,
1021 929 1069 998 qui

139 997 271 1066 praesidio
290 1007 379 1050 contra
398 1008 484 1050 eastra
502 999 613 1050 Labieni
632 1008 707 1050 erant
726 998 817 1065 relicti,
831 1014 916 1066 quum
935 998 1070 1067 proelium

138 1069 313 1119 commissum
330 1069 477 1136 audissent,
497 1068 614 1120 subsidio
633 1069 689 1120 suis
708 1065 968 1136 ierunt'collemque
988 1085 1069 1136 cepe·

139 1146 207 1204 runt,
221 1140 318 1204 neque*
336 1148 483 1190 nostrorum
503 1137 619 1190 militum
636 1138 765 1190 victorum
783 1137 916 1205 impetum
934 1139 1069 1189 sustinere

139 1216 288 1274 potuerunt.
337 1207 379 1258 Sic
403 1224 467 1258 cum
490 1208 547 1258 suis
576 1206 741 1274 fugientibus
764 1207 896 1275 permixti,
921 1223 991 1276 quos
1015 1224 1068 1258 uon

138 1276 221 1327 silvae
241 1286 397 1344 montesque
417 1286 546 1345 texerunt,
565 1276 600 1328 ab
619 1279 738 1345 equitatu
751 1284 811 1328 sunt
830 1276 971 1328 interfecti.
1010 1277 1069 1328 Hoc

138 1347 243 1411 negotio
262 1346 390 1411 conlecto,
412 1346 547 1397 Labienus
567 1348 706 1398 revertitur
723 1345 902 1413 Agendicum,
915 1345 962 1397 ubi
981 1345 1068 1413 impe·

138 1413 259 1466 dimenta
281 1416 360 1466 totius
381 1415 514 1466 exercitus
537 1414 632 1466 relicta
648 1423 737 1468 erant:
766 1415 828 1467 inde
852 1431 917 1467 cum
940 1415 1069 1467 omnibus

138 1484 222 1551 copiis
234 1484 267 1535 ad
281 1484 425 1536 Caesarem
438 1485 567 1552 pervenit.

174 1557 214 1604 63.
235 1553 392 1605 Defectione
411 1554 567 1605 Aeduorum
590 1553 702 1621 cognita,
722 1553 824 1607 bellum
845 1553 978 1620 augetur.⁶
1016 1553 1067 1606 Le·

137 1623 257 1688 gaticnes
276 1624 303 1674 in
320 1640 415 1675 omnes
433 1634 521 1691 partes
538 1624 796 1675 circummittentur:
819 1632 950 1690 quantum
970 1624 1066 1692 gratia,

137 1693 300 1758 auctoritate,
323 1692 436 1760 pecunia
457 1692 554 1759 valent,
576 1693 620 1744 adu
638 1692 817 1744 sollicitandas
835 1692 960 1743 civitates
978 1692 1066 1744 nitun-

138 1768 187 1811 tur.
225 1762 304 1813 Nacti
317 1763 432 1829 obsides,
446 1779 513 1830 quos
525 1762 623 1813 Caesar
635 1762 705 1830 apud
724 1778 771 1812 eos
784 1762 955 1828 deposuerat,
969 1760 1067 1813 horum

137 1831 265 1898 supplicio
284 1831 437 1883 dubitantes
455 1833 583 1883 territant.
626 1832 723 1883 Petunt
740 1847 757 1881 a
775 1830 993 1896 Vercingetorige
1011 1833 1066 1882 Ae·

137 1899 191 1968 dui,
205 1901 238 1950 ad
259 1916 287 1951 se
302 1901 390 1952 veniat
409 1901 577 1967 rationesque
595 1900 659 1953 belli
675 1899 785 1967 gerendi
798 1898 988 1950 communicet.
1026 1900 1065 1951 Re

137 1968 279 2036 impetrata
298 1970 468 2036 contendunt,
491 1978 519 2021 ut
540 1970 604 2037 ipsis
624 1986 731 2021 summa
751 1969 854 2036 imperii
876 1967 1010 2034 tradatur,
1038 1977 1065 2020 et

138 2053 166 2089 re
179 2039 204 2090 in
218 2039 423 2090 controversiam
435 2038 560 2107 deducta,
575 2039 655 2090 totius
667 2037 770 2090 Galliae
783 2036 925 2089 concilium
939 2036 1064 2089 Bibracte

138 2107 269 2159 indicitur.
308 2107 410 2160 Eodem
423 2108 583 2159 conveniunt
602 2108 720 2174 undique
739 2107 902 2174 frequentes.
939 2105 1064 2158 Multitu-

138 2175 208 2227 dinis
228 2177 361 2244 suffragiis
378 2194 421 2228 res
437 2177 612 2245 permittitur:
632 2176 666 2228 ad
686 2193 770 2229 unum
785 2191 878 2227 omnes
890 2175 1063 2242 Vercingeto·

138 2246 222 2312 rigem
245 2247 356 2314 probant
380 2247 577 2314 imperatorem.
614 2245 657 2298 Ab
681 2245 731 2297 hoc
755 2244 865 2297 concilio
889 2243 974 2310 Remi,
1001 2245 1064 2297 Lin-

138 2332 227 2382 gones,
249 2316 349 2366 Treviri
372 2314 510 2366 afuerunt:
538 2315 593 2382 illi,⁷
617 2314 687 2382 quod
710 2313 858 2366 amicitiam
881 2313 1064 2366 Romanorum

138 2384 334 2452 sequebantur,
353 2384 462 2452 Treviri,
482 2383 551 2452 quod
570 2383 680 2435 aberant
699 2382 803 2450 longius
820 2391 847 2434 et
864 2381 900 2433 eb
918 2382 1064 2436 Germanis

138 2454 342 2520 premebantur:
361 2470 431 2521 quae
452 2453 501 2505 luit
522 2470 611 2520 causa,
625 2468 707 2520 quare
727 2461 780 2504 toto
799 2450 926 2504 abessent
944 2450 1017 2502 bello
1036 2460 1064 2505 et

139 2522 238 2574 neutris
261 2523 359 2575 auxilia
382 2523 526 2574 mitterent.
563 2523 663 2589 Magno
687 2521 776 2573 dolore
799 2519 888 2572 Aedui
912 2517 1010 2589 ierunt,
1033 2538 1063 2573 se

169 2654 176 2680 ¹
189 2652 267 2712 Quem
278 2652 322 2700 hes
334 2652 375 2700 the
387 2652 501 2713 meaning
511 2651 540 2700 os
551 2653 667 2712 quamvis,
684 2651 836 2712 ‘although‚'
850 2650 952 2699 whence
964 2651 1006 2700 the
1018 2651 1063 2700 sol-

139 2709 229 2771 lowing
240 2721 325 2759 tomen.

167 2783 278 2832 'Adesse
288 2785 370 2840 elicui,
386 2789 427 2830 ‘to
439 2783 513 2831 assist
525 2783 550 2830 in
561 2783 641 2830 words
653 2799 679 2831 or
690 2783 715 2830 in
725 2781 803 2831 deod!
914 2839 923 2859 .

167 2857 178 2885 ⁸
191 2857 299 2919 Tempus,
313 2858 337 2905 in
349 2858 397 2905 this
409 2873 519 2917 passage,
534 2857 563 2912 is,
580 2857 635 2903 ‘the
647 2855 753 2903 decisive
765 2871 792 2903 or
802 2854 896 2903 critical
907 2858 1038 2905 moment.’

168 2931 276 2991 ‘Neque
289 2930 347 2977 here
364 2930 410 2978 and
426 2929 570 2984 elsewhere,
583 2929 627 2976 has
644 2929 796 2976 adversative
812 2944 903 2988 power,
916 2930 992 2990 being
1003 2930 1065 2979 used

139 2989 176 3039 sor
186 2992 227 3038 red
237 3008 293 3045 non,
306 3006 380 3050 neque
391 2999 476 3044 tomen,
487 3004 514 3036 or
524 3005 599 3048 neque
609 3005 669 3034 vero.
703 2987 823 3046 Compare
834 2988 865 3035 iv.
878 2991 915 3035 26.

170 3062 244 3109 'The
256 3078 307 3108 war
318 3063 339 3109 is
350 3061 483 3117 increased,
497 3061 625 3108 inasmuch
637 3076 664 3107 as
676 3059 718 3106 the
734 3059 812 3107 revolt
823 3058 851 3106 ot'
862 3059 905 3107 the
916 3060 1003 3109 Aedui
1014 3061 1066 3111 also

140 3120 245 3168 induced
256 3121 325 3167 other
336 3121 412 3168 tribes
424 3131 448 3167 to
460 3131 499 3180 try
510 3130 535 3167 to
547 3120 625 3166 shake
636 3117 674 3166 off
681 3119 722 3165 the
734 3118 798 3178 yoke
810 3117 838 3165 of
844 3118 886 3166 the
899 3119 1021 3168 Romans.

171 3192 276 3240 ‘Before
292 3195 324 3240 ad
339 3208 377 3240 we
394 3202 460 3240 must
476 3191 549 3252 opply
560 3201 663 3247 tontum,
676 3190 864 3252 correspondiug
874 3189 936 3240 with
952 3193 995 3241 the
1012 3209 1066 3255 pre·

145 3252 229 3311 reding
239 3261 361 3311 quantum.

170 3323 249 3382 ⁷Ilri,·
266 3324 374 3382 namely‚
388 3324 429 3372 the
441 3323 515 3372 Remi
525 3322 573 3372 end
584 3322 717 3383 Lingones.
